2354 3840
131 202 194 266 288
521 196 771 254 HERODOTI

133 363 230 442 είδύς
253 387 290 430 τε
308 364 419 448 ἑωυτῷ
436 353 588 441 ἀσφαλέα
603 356 740 420 ἔκδυσιν
761 354 885 419 ἐοῦσαν
904 351 941 418 ἐκ
956 354 1015 436 τῆς
1031 344 1128 435 νήσου
1172 340 1175 349 ’

133 463 208 532 τότε
239 457 341 529 ἐπεάν
358 453 458 534 αὐτός
472 455 651 543 βούληται·
677 453 852 535 ἐπεποίητο
869 448 935 534 γάρ
953 451 989 516 ol
1007 443 1129 535 κρυπτὴ

135 564 258 647 διῶρυξ
291 562 328 627 ἐκ
363 563 422 642 τῆς
449 551 650 642 ἀκροπόλιος
685 552 836 637 φέρουσα
871 549 924 617 ἐπί
947 545 1127 616 θάλασσαν.

133 654 234 735 αὐτὸς
264 656 327 740 μὲν
358 649 398 738 δὴ
420 648 673 734 όΜαιάνδριος
698 643 840 714 ἐκπλάει
867 645 908 710 ἐα-
931 649 991 729 της
1005 640 1129 729 Σάμον,
1168 672 1174 737 ,-

132 752 212 832 τούς
240 754 277 819 δὲ
302 749 503 837 ἐπικούρους
527 745 657 823 πάντας
687 741 825 821 ὁπλίσας
849 738 867 809 ὁ
889 746 1069 827 Χαρίλεως.
1083 737 1130 805 παλ
1167 740 1175 839 ’,

133 849 343 927 ἀναπετάσας
370 845 429 927 τάς
457 847 565 923 πύλας
595 846 688 929 ἐξῆκε
713 844 767 910 ἐπὶ
793 837 874 919 τούς
899 840 1037 927 Πέρσας
1063 832 1131 905 οὔτε

134 947 424 1034 προσδεκομένους
440 949 572 1011 τοιοῦτο
603 939 704 1009 οὐδὲν
726 937 905 1016 δοκέοντάς
921 962 958 1004 τε
974 934 1018 1024 δη
1030 936 1130 1006 πάντα

135 1043 353 1131 συμβεβάναι.
384 1041 582 1129 ἐμπεσόντες
608 1042 645 1108 δὲ
676 1043 711 1107 οἱ
739 1040 914 1123 ἐπίκουροι
950 1041 1021 1104 τῶν
1050 1043 1131 1121 Περ·

135 1144 222 1210 σέων
261 1138 339 1218 τούς
376 1140 711 1226 διφροφορευμένους
744 1162 788 1233 τε,
818 1136 873 1203 καί
905 1133 1014 1220 λόγου
1048 1141 1130 1203 πλεί-

135 1259 217 1308 στου
242 1240 357 1317 ἐόντας
383 1244 541 1307 ἔκτεινον.
587 1240 642 1305 καλ
663 1228 757 1303 οὗτοι
784 1233 847 1322 μὲν
866 1240 972 1302 ταῦτα
993 1236 1129 1318 ἐποίευν,
1171 1234 1175 1279 ¹'

134 1336 155 1426 ἡ
193 1339 229 1406 δὲ
265 1337 347 1424 άλλη
383 1334 518 1424 στρατιὴ
552 1332 573 1421 ἡ
608 1331 756 1422 Περσικὴ
797 1331 985 1421 ἐπεβύθεε,
1031 1330 1130 1412 πιεζό-
1171 1376 1175 1399 2

135 1463 231 1524 μενοι
262 1437 298 1504 δὲ
325 1441 360 1504 ολ
390 1438 564 1549 ἐπίκμυροι
594 1433 700 1502 ὀπίσω
732 1433 981 1520 κατειλήθησαν
1015 1433 1050 1511 ἐς
1078 1428 1131 1516 τὴν
1169 1406 1175 1499 ἀ

73 1548 120 1604 147
137 1532 330 1620 ἀκρόπολιν.
373 1531 510 1620 Ὀτάνης
532 1530 606 1600 δὲὸ
629 1529 813 1619 στρατηγός
830 1527 914 1599 ίδοδν
928 1529 1130 1615 πάθοςμόγο
1169 1544 1175 1623 ξ

136 1635 269 1719 Πέρσας
281 1631 495 1709 πεπονθότας
512 1631 649 1708 ἐντολάς
679 1655 712 1697 τε
737 1627 795 1707 τάς
814 1639 960 1716 Δαρεῖος
977 1626 1131 1696 ἀποστέλ-
1170 1632 1175 1681 ¹

135 1739 204 1798 λων
219 1729 419 1815 ἐνετέλλετο,
435 1728 517 1816 μήτε
532 1733 676 1797 κτείνειν
689 1731 816 1813 μηδένα
830 1734 972 1813 Σαμίων
982 1727 1068 1816 μήτε
1076 1723 1132 1794 ἀν-
1169 1724 1175 1753 ¹

136 1831 411 1915 δραποδίζεσθαι,
427 1824 561 1895 ἀπαδέα
574 1851 609 1894 τε
626 1831 740 1894 κακῶν
756 1821 944 1892 ἀποδοῦναι
960 1820 1026 1910 τὴν.
1034 1829 1131 1911 νῆσον

135 1931 349 2010 Συλοσῶντι,
364 1925 494 1993 τούτων
509 1926 571 2011 μὲν
582 1930 650 1991 τάν
665 1927 827 1992 ἐντολέων
837 1925 1049 2010 μεμνημένος
1062 1925 1130 1991 ἐπε·

135 2023 340 2107 λανθάνετο,
363 2019 382 2090 ό
405 2022 441 2090 δέ
452 2023 654 2111 παρήγγειλε
665 2029 704 2111 τῇ
719 2030 856 2111 στρατιῇ
871 2022 999 2107 πάντα,
1017 2020 1079 2090 τόν
1093 2016 1132 2088 ἀν

137 2121 280 2205 λάβωσι,
311 2118 484 2203 καὶάνδρα
510 2125 565 2189 καλ
592 2125 711 2206 παλδα,
740 2117 862 2207 ὁμοίως
883 2129 1037 2191 κτείνειν.
1082 2123 1133 2189 ἐν·

136 2223 248 2284 θαῦτα
263 2223 320 2303 τῆς
334 2225 489 2303 στρατιῆς
505 2223 540 2286 ολ
556 2221 619 2305 μὲν
633 2218 694 2305 τὴν
705 2217 891 2306 ἀκρόπολιν
909 2220 1132 2307 ἐπολιόρκεον,

136 2321 170 2383 οί
182 2313 218 2382 δὲ
233 2319 382 2382 ἐκτεινον
394 2313 503 2381 πάντα
513 2311 574 2383 τόν
585 2313 740 2402 ἐμποδῶν
751 2315 948 2403 γινόμενον,
964 2312 1089 2402 ὁμοίως
1100 2318 1133 2382 όν

71 2434 120 2490 143
135 2441 170 2482 τε
192 2418 254 2505 ίρςό
268 2417 323 2480 καλ
350 2417 412 2492 ἐξω
435 2418 520 2501 ίρού.
559 2415 774 2497 Μαιάνδριος
795 2411 825 2480 δ’
848 2411 999 2501 ἀποδράς
1023 2416 1060 2481 ἐκ
1081 2419 1134 2498 τῆς

136 2513 256 2598 Σάμου
274 2510 414 2578 ἐκπλύει
427 2513 460 2589 ἐς
474 2516 724 2597 Λακεδαίμονα·
757 2509 959 2599 ἀπικόμενος
976 2508 1011 2579 δ’
1024 2513 1058 2590 ἐς
1075 2507 1133 2578 αό-

135 2606 196 2694 τὴν
206 2611 260 2674 καὶ
272 2607 531 2693 ἀνενεικάμενος
542 2603 582 2675 τά
595 2612 679 2693 ἔχων
692 2605 882 2697 ἐξεχώρησε,
891 2613 999 2679 ἐποίεε
1008 2609 1132 2676 τοιάδε·

135 2703 222 2781 ὅκως
246 2703 387 2790 ποτήρια
400 2701 550 2793 ἀργύρεά
565 2733 600 2774 τε
615 2711 670 2776 καλ
683 2709 809 2794 χρύσεα
822 2707 1065 2796 προθέοντο,ολ
1076 2705 1134 2793 μὲν

133 2803 341 2891 θεράποντες
362 2799 466 2869 αὐτοῦ
482 2805 627 2892 ἐξέσμων
652 2805 753 2892 αύτοί,
785 2805 852 2874 ὁδἱ
872 2802 916 2872 ἀν
935 2803 998 2872 τόν
1012 2804 1133 2892 χρόνον

133 2911 255 2970 τοῦτον
268 2908 314 2993 τῷ
329 2905 511 2987 Κλεομένεϊ
521 2912 565 2994 τῷ
577 2903 839 2992 Ἀναξανδρίδεω
854 2905 891 2972 ἐν
906 2902 1037 2988 λόγοισι
1061 2897 1134 2985 ἐάν,

134 2999 345 3088 βασιλεύοντι
363 3001 537 3088 Σπάρτης,
556 3007 683 3089 προῆγέ
694 3030 754 3090 μιν
768 3006 801 3082 ἐς
815 3001 854 3070 τά
870 3008 973 3071 οίκία·
996 3001 1085 3081 ὅκως
1102 3001 1133 3068 δέ

134 3103 238 3167 ίδοιτο
256 3104 447 3186 Κλεομένης
461 3099 501 3168 τά
516 3102 675 3189 ποτήρια,
713 3099 913 3189 ἀπεθώμαζέ
939 3126 975 3167 τε
996 3103 1053 3168 καλ
1069 3102 1134 3180 ἐξε-

133 3199 314 3284 πλήσσετο·
343 3198 361 3268 ὁ
382 3200 419 3268 δὲ
440 3197 483 3267 ἀν
502 3204 634 3270 ε’κέλευε
654 3199 759 3269 αὐτόν
773 3203 1006 3286 ἀποφέρεσθαι
1023 3195 1135 3267 αὐτῶν

134 3295 197 3362 ὅσα
207 3295 372 3382 βούλοιτο.
386 3305 485 3366 τοῦτο
496 3300 550 3367 καὶ
559 3303 669 3378 δὶςκοιὶ
680 3303 749 3388 τρὶς
760 3309 912 3377 εἴπαντος
921 3302 1135 3385 Μαιανδρίου

122 3395 348 3490 όίίλεομίνης
364 3399 577 3481 δικαιότατος
593 3397 728 3492 ἀνδρῶν
744 3394 932 3484 ηλνεται,δς
948 3405 1063 3479 λαβεῖν
1077 3399 1136 3483 μὲν
