2354 3840
228 188 314 245 ΗΒ,
347 188 392 245 111.
425 186 524 244 cAP.
555 189 732 246 142-146.
920 181 982 246 28⁷

33 347 139 412 fumo
161 346 194 425 ἐς
218 342 282 433 τήν
295 343 416 432 Σάμον
441 348 476 413 οί
495 346 624 431 Πέρσαι
655 343 856 429 κατάγοντες
869 351 984 413 Συλο-

34 467 91 509 ιτα
98 492 108 527 ,
138 441 216 511 οὔτε
235 451 282 522 τίς
304 462 365 530 σφι
388 457 499 530 χεῖρας
524 438 748 529 ἀνταείρεται,
773 440 983 511 ὑπόσπονδοι

34 546 163 628 ἐφασαν
185 542 270 611 εἶναι
291 547 414 630 έτοίμοι
435 548 469 612 ολ
487 549 549 611 τοῦ
565 547 783 631 Μαιανδρίου
806 550 982 612 στασιῶται

48 636 152 719 αὐτὸς
166 643 380 729 Μαιάνδριος
396 645 581 730 ἐκχωρῆσαι
600 642 636 710 ἐκ
653 649 711 729 τῆς
723 641 840 729 νήσου.
866 669 983 719 καται-

34 757 139 818 ίαντος
160 738 192 808 δ’
208 744 262 810 ἐπλ
275 743 422 813 τούτοισι
434 741 576 812 Ὀτάνεω
598 745 654 812 καλ
668 744 893 830 σπεισαμένου
914 753 983 813 τῶν
1035 746 1038 753 ’

34 836 139 922 ρσέων
161 842 195 906 ολ
209 847 367 910 πλείστου
389 839 476 922 ἀξιοι
492 839 644 927 θράνους
659 844 799 928 θέμενοι
819 869 981 912 κατεναν-

34 941 124 1021 ντής
145 932 346 1023 ἀκροπόλιος
367 941 530 1008 ἐκατέατο.
576 942 778 1030 Μαιανδρίῳ
802 941 838 1008 δὲ
857 947 904 1061 τῷ
922 967 984 1009 τυ-
1003 956 1053 1013 145

34 1058 95 1123 ινφ
109 1023 153 1118 ἦν
167 1029 359 1119 άδελφεδς“
341 1035 680 1125 υπομαργύτερος,
649 1042 694 1102 τῶ
712 1034 841 1123 ούνομα
853 1031 898 1124 ήν
910 1045 983 1107 Χα-

34 1156 111 1210 εως·
139 1123 237 1211 οὗτος
254 1130 347 1220 ὁτιδὴ
369 1129 562 1219 ἐξαμαρτών
591 1134 629 1200 ἐν
657 1133 809 1221 γοργύρῃ
836 1136 980 1203 ἐδέδετο·

47 1226 89 1316 δή
106 1228 181 1297 τότε
209 1230 399 1309 ἐπακούσας
424 1255 460 1298 τε
478 1227 519 1298 τά
555 1231 771 1317 πρησσόμενα
788 1233 844 1297 καὶ
861 1231 981 1298 διακύ-

34 1353 43 1404 ς
64 1323 120 1394 διά
142 1332 200 1412 τῆς
215 1325 403 1412 γοργύρης,
427 1323 472 1404 ὡς
483 1324 549 1394 εἶδε
567 1351 648 1404 τους
657 1328 838 1411 Πέρσας
807 1335 982 1415 ερηναίως

34 1425 199 1509 τημένους,
217 1421 298 1509 ἐβόα
308 1447 344 1490 τε
354 1425 409 1490 καὶ
426 1427 491 1509 ἐφη
509 1424 617 1508 λέγων
631 1426 832 1516 Μαιανδρίῳ
850 1424 982 1493 ἐθέλειν

34 1537 92 1591 ·εῑυ
112 1524 146 1601 ἐς
159 1521 291 1607 λόγους.
325 1522 515 1600 ἐπακούσας
529 1521 566 1590 δέ
586 1519 605 1590 δ
622 1523 837 1607 Μαιάνδριος
853 1523 982 1593 λύσαν-

59 1617 165 1688 αάτδν
186 1621 318 1688 ἐκέλευε
345 1617 442 1705 ἀγειν
468 1617 550 1707 παρ’
575 1619 711 1688 ἑωυτόν.
758 1618 802 1698 ὡς
830 1619 866 1688 δέ
891 1618 980 1707 ήχθη

34 1738 128 1804 ιστα,
154 1719 337 1802 λοιδορέων
359 1743 394 1784 τε
416 1719 472 1785 καλ
492 1722 636 1798 κακίζων
652 1745 710 1804 μιυ
727 1714 886 1786 ἀνέπειθε
907 1719 981 1785 ἐπι-

34 1829 102 1887 ιθαι
113 1831 198 1886 τοῖσι
210 1815 377 1905 Πέρσησι,
400 1819 510 1902 λέγων
525 1817 655 1885 τοιάδε·
684 1815 757 1902 Ἐμὲ
775 1815 855 1903 μὲν,
878 1809 980 1882 ἀκά-

34 1943 66 1986 ιε
77 1913 231 2003 ἀνδρῶν,
245 1915 344 1985 ἐόντα
356 1923 506 1985 σεωυτοῦ
520 1914 688 2004 ἀδελφεὰν
702 1919 757 1985 καί
774 1914 978 2005 ἀδικήσαντα

34 2016 77 2083 λέν
110 2012 205 2093 ἀξιον
228 2018 354 2101 δεσμοῦ
375 2014 480 2101 δήσας
500 2015 671 2101 γοργύρης
688 2012 847 2102 ἠξίωσας,
868 2011 979 2100 ὁρέων

34 2111 106 2191 ιοδς
116 2111 249 2199 Πέρσας
265 2113 490 2201 ἐκβάλλοντάς
509 2115 545 2183 τέ
563 2134 602 2182 σε
618 2116 673 2182 καλ
688 2112 828 2182 ἄνοικον
838 2119 978 2182 ποιεῦν-

54 2213 97 2281 ού
115 2220 239 2303 τολμᾷς
259 2221 432 2300 τίσασθαι,
456 2214 545 2282 οὕτω
568 2208 610 2295 δή
631 2242 662 2282 τι
685 2212 857 2295 ἐύντας’
822 2215 978 2294 ευπετέας

34 2318 193 2399 ιωθήυαι,
216 2311 291 2381 ἀλλ’
316 2323 351 2381 εί
367 2340 399 2380 τι
419 2312 464 2381 σά
486 2333 591 2398 σφεας
607 2313 884 2432 καταρρώδηκας,
905 2314 979 2398 έμολ

45 2406 126 2488 τούς
143 2411 362 2502 ἐπικούρους,
392 2416 452 2478 καί
468 2429 574 2497 σφεας
592 2407 657 2495 ἐγώ
674 2409 902 2497 τιμωρήσομαι
918 2435 977 2495 της

34 2506 99 2575 άδε
114 2504 258 2587 ἀπίξιος
302 2505 407 2575 αύτδν
425 2509 463 2576 δέ
483 2527 521 2575 σε
543 2507 707 2595 ἐκπέμψαι
728 2511 764 2576 ἐκ
784 2535 842 2595 της
868 2507 976 2595 νήσου

34 2606 103 2693 ίμός
125 2613 200 2693 είμι.
248 2615 361 2676 Ταῦτα
383 2601 509 2688 ἐλεξε’
494 2634 513 2675 ο
534 2614 721 2694 Χαρίλεως·
764 2609 977 2695 Μαιάνδριος
994 2632 1045 2690 145

34 2701 174 2791 ὑπέλαβε
191 2702 252 2773 τδυ
272 2704 394 2792 λόγον,
413 2703 458 2784 ἀς
469 2705 532 2792 μὲν
546 2702 611 2793 ἐγῶ
623 2710 739 2795 δοκέω,
758 2704 820 2778 οὐκ
834 2712 867 2789 ἐς
878 2715 976 2777 τοῦτο

34 2801 171 2890 ιοσύνης
194 2801 399 2892 ἀπικόμενος
422 2802 467 2884 ὡς
485 2805 580 2886 δόξαι
600 2801 664 2893 τήν
687 2807 814 2874 ἑωυτοῦ
828 2806 979 2891 δύναμιν·

36 2901 190 2971 ιέσεσθαι
210 2909 268 2989 τῆς
282 2902 455 2990 βασιλέος,
474 2899 559 2972 ἀλλά
571 2902 749 2991 φθονήσας
758 2910 887 2988 μᾶλλον
901 2911 975 2970 Συ-

34 3006 131 3084 ῶυτι,
164 3004 195 3068 εί
217 2995 358 3086 ἀπονητὶ
386 3006 502 3086 έμελλε
530 2999 789 3087 ἀπολάμψεσθαι
815 2996 974 3084 ἀκέραιον

47 3097 157 3167 πόλιν.
203 3102 359 3184 ἐρεθίσας
380 3090 430 3166 ἀν
449 3097 528 3178 τούς
541 3100 676 3185 Πέρσας
692 3096 795 3184 ἤθελε
806 3093 851 3176 ὡς
868 3093 974 3165 ἀσθε-

34 3221 113 3263 ιατα
134 3202 271 3282 ποιήσαι
292 3194 334 3264 τά
345 3197 461 3283 Σάμια
485 3197 662 3285 πρήγματα
684 3198 739 3264 καλ
754 3194 843 3264 οὕτω
863 3220 974 3282 παρα-

34 3293 121 3378 έναι,
156 3287 195 3360 εὖ
223 3295 494 3381 ἐξεπιστάμενος,
528 3294 573 3374 ὡς
597 3293 766 3373 παθόντες
788 3299 823 3362 οἱ
842 3293 987 3381 Πέρσαι·

36 3397 81 3470 ὥς
116 3393 490 3481 προσεμπικρανέεσθαι
519 3391 660 3478 ἐμελλον
686 3405 771 3459 τοῖσι
802 3397 976 3476 Σαμίοισι,
