2354 3840
127 221 188 282 *254
507 222 757 280 HERODOTI

127 384 159 459 ἐς
176 381 238 468 τὴν
253 381 379 471 αύλην,
402 384 587 464 ἐνέκυρσαν
606 391 691 446 τοῖσι
708 376 768 456 τὰς
782 375 938 464 ἀγγελίας
955 382 1126 466 ἐσφέρουσι

126 479 334 565 εὐνούχοισι,
357 484 391 548 οἵ
415 502 520 565 σφεας
542 478 695 563 ίστόρεον
720 474 786 546 ὅτι
809 479 984 558 ἐθέλοντες
1007 477 1127 566 ἥκοιεν·
1169 532 1171 537 .

126 583 178 645 καὶ
195 580 263 661 αμα
278 582 482 661 ίστορέοντες
495 577 636 653 τούτους
649 589 734 644 τοῖσι
750 585 950 664 πυλουροῖσι
973 575 1127 664 ἠπείλεον

127 676 175 743 ότι
198 681 302 761 σφέας
323 685 493 764 παρῆκαν,
520 669 614 762 ίσχον
638 699 674 741 τε
695 679 923 762 βουλομένους
946 675 1027 755 τούς
1051 673 1126 744 ἑπτὰ

129 783 159 856 ἐς
174 777 210 846 τό
232 779 347 861 πρόσω
363 781 526 863 παριέναι.
561 780 595 843 οἱ
610 776 646 843 δὲ
660 776 954 860 διακελευσάμενοι
974 778 1032 844 καὶ
1045 794 1127 842 σπα-

126 878 265 961 σάμενοι
281 875 320 943 τά
337 880 514 963 ἐγχειρίδια
528 875 670 952 τούτους
685 874 748 959 μὲν
761 871 840 953 τούς
856 883 1010 961 ἴσχοντας
1023 872 1126 943 ἀιἰτού

126 979 228 1064 ταύτη
250 979 503 1063 συγκεντέουσι,
526 971 620 1040 αὐτοὶ
640 973 676 1040 δὲ
696 969 795 1058 ἤισαν
809 972 922 1064 δρόμχι
943 975 976 1051 ἐς
991 969 1053 1040 τόν
1066 969 1126 1040 άν·

82 1082 114 1136 18
127 1080 265 1158 δρεωνα.
301 1079 344 1142 Οί
360 1076 396 1143 δὲ
410 1076 511 1160 μάγοι
526 1078 643 1157 ἐτυχον
657 1068 840 1157 άμφότεροτ
854 1079 1038 1157 τηνικαῦτα
1054 1072 1127 1141 ἐόν-

124 1199 178 1250 τες
196 1199 232 1239 τε
252 1179 316 1241 ἔστι
337 1175 392 1240 καὶ
412 1171 452 1239 τὰ
465 1168 532 1238 αἰπὸ
545 1167 765 1255 Πρηξάσπεος
776 1168 941 1256 γενόμενα
962 1172 999 1238 ἐν
1021 1175 1126 1258 βουλῇ

125 1277 262 1357 ἔχοντες.
290 1274 360 1340 ἐπεὶ
375 1265 424 1339 ύν
441 1269 531 1337 εἶδον
546 1266 624 1348 τούς
640 1267 822 1355 εύνούχους
835 1273 1126 1357 τεθορυβημένους

130 1393 159 1439 τε
175 1372 229 1437 καὶ
241 1373 415 1454 βοεύντας,
431 1364 496 1434 άνά
517 1392 552 1433 τε
569 1372 715 1454 ἔδραμον
728 1367 831 1434 πάλιν
850 1364 1051 1457 ἀμφότεροι,
1073 1370 1125 1438 καὶ

37 1510 39 1514 >
127 1467 170 1547 δς
192 1476 321 1554 ἔμαθον
341 1467 379 1534 τὸ
401 1467 619 1552 ποιεύμενον,
641 1463 725 1554 πρὸς
751 1463 858 1551 ἀλκὴν
878 1467 1073 1554 ἐτράποντο.
1107 1466 1123 1536 ὁ

123 1568 185 1653 μὲν
200 1564 240 1651 δη
256 1563 367 1633 αὐτῶν
382 1565 509 1651 φθάνει
531 1563 572 1632 τὰ
588 1564 666 1645 τόξα
687 1563 923 1650 κατελόμενος,
946 1563 964 1634 ὁ
984 1566 1022 1634 δέ
1042 1565 1124 1654 πρδς

123 1693 185 1753 την
195 1693 216 1732 α
218 1663 316 1751 ίχμην
329 1665 495 1747 ἐτράπετο.
520 1668 669 1732 ἐνθαῦτα
681 1664 716 1732 δὲ
728 1667 931 1751 συνέμισγον
942 1664 1124 1757 ἀλλήλοισι.

125 1794 169 1858 τφ
156 1770 245 1853 μὲν
260 1763 300 1852 δὴ
323 1792 363 1833 τα
378 1765 456 1845 τόξα
478 1761 683 1852 ἀναλαβόντι
704 1761 815 1832 αὐτῶν
830 1765 955 1833 ἐόντων
970 1793 1007 1835 τε
1020 1766 1126 1891 άγχού

126 1875 190 1935 τῶν
206 1873 327 1952 πολεμί
326 1892 372 1932 ων
312 1867 441 1934 ίκαί
456 1855 742 1950 προσκειμένων
719 1888 763 1949 ην
776 1861 900 1951 χρηστά
916 1862 1072 1953 οὐδὲν,ρ
1056 1888 1075 1934 ο
1093 1864 1124 1934 δ’

123 1993 234 2051 ετερος
258 1992 298 2053 τη
324 1961 465 2052 αίχμχχ’
448 1964 608 2049 ημύνετο,
634 1964 810 2030 καὶτοῦτο
836 1963 898 2048 μὲν
876 1961 1127 2051 νἈσπαθίνην

122 2071 211 2132 παίει
226 2060 307 2142 ἐς
273 2089 333 2130 τον
347 2058 471 2148 μηρὸν,
486 2068 584 2128 τούτο
599 2059 635 2127 δε
646 2057 855 2146 Ἰνταφέρνεα
873 2058 952 2139 ἐς
918 2087 978 2128 τον
991 2059 1128 2148 ὀφθαλ-

122 2159 205 2248 μόυ·
229 2161 283 2226 καί
298 2158 461 2244 ἐστερήθη
476 2160 537 2243 μὲν
550 2164 612 2224 τοῦ
629 2154 811 2244 ὀφθαλμοῦ
828 2160 864 2226 ἐκ
877 2166 939 2227 τοῦ
954 2159 1127 2246 τρώματος

120 2283 138 2325 ο
127 2254 377 2341 ’Ἰνταφέρνης,
394 2277 436 2319 ου
425 2250 559 2338 ’μέντοι
571 2249 724 2322 ἀπέθανέ
733 2281 779 2341 γε.
802 2263 870 2323 τῶν
880 2256 942 2342 μὲν
953 2254 993 2342 δὴ
1006 2258 1126 2377 μάγωχ

125 2354 259 2441 οὕτερος
274 2357 466 2440 τρωματίζει
480 2349 652 2453 τούτους,
658 2378 676 2420 ο
664 2348 769 2420 Μ’δέ
749 2377 875 2439 ετερος,
904 2355 1013 2422 ἐπείτε
1032 2361 1067 2423 οί
1084 2355 1124 2423 τδι

123 2454 200 2533 τόξα
217 2449 316 2519 ούδεν
331 2447 453 2538 χρηστά
470 2452 649 2536 ἐγίνετο,’
629 2476 675 2535 ην
689 2448 754 2537 γάρ
772 2449 812 2539 δὴ
832 2452 985 2537 θάλαμος
1002 2454 1127 2581 ἐσέχων

120 2549 200 2631 ἐς
167 2578 226 2618 τον
240 2548 431 2637 ἀνδρεῶνα,
451 2557 484 2633 ές
498 2561 619 2622 τούτου
634 2553 852 2641 καταφεύγει,
875 2554 1061 2623 ἐθέλοιτ’
1019 2568 1126 2626 αυτοῦ

121 2658 320 2732 προσθεῖναι
335 2648 394 2728 τὰς
408 2652 527 2735 θύρας.
556 2677 612 2718 και
608 2655 668 2718 ὀί
679 2657 938 2719 συνεσπίπτουσι
960 2659 1029 2720 τῶν
1044 2652 1125 2721 ἑπτα

121 2748 200 2829 δύο,
223 2745 368 2833 Δαρεῖός
387 2774 423 2815 τε
443 2753 497 2816 καὶ
514 2748 692 2836 Γωβρύης·
719 2749 968 2834 συμπλακέντος
991 2751 1028 2818 δὲ
1048 2758 1126 2818 Γω-

119 2845 231 2933 βρύεω
245 2851 291 2935 τῷ
306 2845 401 2936 μάγφ
416 2843 435 2914 ὁ
449 2855 593 2932 Δαρεῖος
608 2843 768 2925 ἐπεστεοδς
781 2842 904 2932 ἠπόρεε
917 2841 970 2913 οἷα
985 2847 1023 2912 ἐν
1042 2846 1124 2914 σκό-

119 2963 182 3029 τεϊ,
205 2944 482 3031 προμηθεόμενος
501 2943 546 3031 μὴ
567 2945 674 3032 πληξη
688 2941 747 3010 τδν
760 2942 935 3029 Γωβρύην.
966 2938 1074 3027 ὁρέων
1089 2947 1128 3010 δέ

118 3070 177 3126 μιν
192 3041 299 3128 ἀργὸν
319 3045 502 3111 ἐπεστεῶτα
524 3039 542 3110 ὁ
562 3042 725 3128 Γωβρύης
741 3050 847 3128 είρετο
868 3036 988 3107 ὅτιού
1005 3047 1122 3127 χρᾶται

116 3149 155 3227 τη
182 3146 280 3224 χειρί·
310 3138 380 3209 ὁδέ
401 3141 486 3210 εἷπε·
511 3141 796 3226 Προμηθεόμενος
819 3141 892 3218 σέο,
921 3135 966 3224 μὴ
992 3137 1121 3226 πλήξω·

118 3236 279 3322 Γωβρύης
295 3241 329 3304 δὲ
346 3235 516 3326 ἀμείβετο·
540 3237 646 3307 ”mss
663 3236 700 3306 τό
720 3240 815 3325 ξίφος
833 3237 890 3304 καὶ
909 3234 954 3305 δι’
974 3235 1122 3325 ἀμφοτέ-

120 3361 199 3416 ρων.
236 3342 380 3418 Δαρεῖος
394 3339 430 3404 δέ
445 3336 647 3422 πειθόμενος
668 3327 735 3401 ύσέ
747 3359 782 3400 τε
802 3328 839 3399 τὸ
856 3335 1054 3419 ἐγχειρίδιον
1068 3336 1119 3400 καὶ

56 3438 207 3519 Ιθέτνχέ
221 3460 293 3516 κως
314 3444 378 3507 τού
396 3439 521 3528 μάγου.
560 3434 835 3508 Ἀποκτείυαντες
850 3433 888 3496 δε
899 3430 980 3506 τοὺς
998 3433 1124 3514 μάγους

64 3550 114 3584 h
