2354 3840
103 218 145 280 20
487 215 723 276 HERODOTI

108 390 167 460 τόν
184 387 249 477 γδρ
267 387 712 478 δή“ε”τερον’διεφθαρμένον
736 378 799 454 ούιι
824 383 915 454 εἶναί
934 411 989 472 μοι
1013 392 1025 450 λ

54 506 88 560 39
106 497 206 578 ζομαι.
250 487 429 577 Ἀμείβεται
459 486 476 556 ὁ
501 493 635 576 νεηνίης
659 490 796 555 τοιοίδε·
828 483 1020 571 Συγγνώμη

108 583 256 678 ύποίτερ
273 617 339 675 τοι,
368 587 473 658 ἰδόντι
497 614 535 674 γε
559 586 637 670 ὄψιν
662 585 835 673 τοιαύτην,
863 586 938 674 περὶ
964 583 1020 671 ἐμὲ

106 689 211 778 λακῆν
234 695 336 778 ἔχειν·
372 687 410 758 τό
442 687 480 757 δὲ
511 685 551 757 ού
576 685 776 776 μανθάνεις,
809 683 892 753 ἀλλὰ
918 684 1025 770 ’λέληθ

108 782 145 852 τό
161 782 312 872 ὄνειρον,
337 789 398 873 ἐμέ
413 807 464 855 σοι
481 790 613 856 δίκαιόν
638 790 704 856 ἐστι
722 789 870 874 φράζειν.
913 782 979 872 φής
1002 808 1025 848 τι

108 879 243 969 ὄνειρον
267 879 333 951 ὑπὸ
355 890 471 972 αἰχμῆς
492 889 644 975 σιδηρέης
668 886 774 972 φοίναι
800 884 857 971 ἐμὲ
881 880 1025 968 τελευτή(

110 980 169 1061 ὑός
184 981 220 1050 δὲ
235 997 321 1073 κοῖαι
337 987 399 1071 μέν
420 992 481 1054 είσι
495 1001 616 1075 χεῖρες,
632 994 705 1074 κοίη
722 986 757 1054 δέ
772 981 868 1071 αίχμή
884 983 1025 1069 σιδηρέη,

109 1077 152 1146 σὺ
174 1083 311 1168 φοβέαι;
351 1090 381 1151 εί
400 1084 462 1170 μὲν
481 1084 547 1173 γὰρ
565 1083 629 1154 ὑπὸ
645 1082 782 1162 ὀδόντος
799 1110 849 1151 τοι
868 1081 937 1150 εἷπε
951 1087 1023 1147 τελε

110 1197 181 1245 σειν
197 1203 238 1264 με
253 1173 274 1266 ή
292 1177 396 1248 ἄλλον
412 1207 480 1268 τευ,
496 1179 517 1249 ὅ
532 1208 563 1250 τι
577 1183 684 1274 τούτῳ
700 1181 785 1265 οἶκε,
804 1187 886 1269 χρῆν
902 1177 944 1268 δή
961 1199 997 1246 σε
1014 1204 1025 1244 ι

109 1270 212 1363 ειντὰ
229 1279 366 1357 ποιέεις·
396 1285 460 1346 νῦν
476 1277 512 1348 δὲ
526 1278 587 1347 ὑπ’
609 1286 733 1368 αίχμής.
775 1283 883 1348 ἐπείτε
902 1271 949 1347 όν
967 1273 1007 1344 ού
1020 1288 1025 1341 ’;

63 1393 97 1449 σο
107 1370 232 1461 ἄνδρας
245 1371 324 1462 ἡμῖν
339 1381 462 1460 γίνεται
477 1373 497 1465 ἡ
513 1377 610 1464 μάχη,
628 1379 721 1464 μέτες
734 1404 783 1464 με.
811 1376 1025 1465 Ἀμείβεταιλ

108 1490 182 1552 σος·
206 1465 245 1538 Ὠ
260 1485 335 1560 παῖ,
357 1478 424 1540 ἔστι
443 1481 481 1561 τῇ
494 1500 535 1559 με
550 1481 645 1565 νικᾷς
659 1475 798 1561 γνύμην
815 1472 1015 1560 ἀποφαίνων

107 1577 168 1640 τοῦ
190 1574 368 1642 ἐνυπνίου·
399 1573 442 1654 ὡς
465 1568 513 1644 όν
534 1579 750 1664 νενικημένος
763 1574 829 1644 ὑπὸ
848 1578 903 1644 σεό
920 1602 1025 1662 μεταγ,

63 1690 95 1744 41
107 1689 186 1759 σκω,
203 1677 337 1759 μετίημί
348 1673 386 1740 τέ
397 1691 434 1740 σε
449 1675 533 1742 ίέναι
549 1677 602 1743 ἐπὶ
618 1671 681 1761 τήν
695 1674 811 1762 ίῖγρην.
834 1685 940 1754 Είπας
956 1672 991 1741 δὲ
1003 1701 1025 1738 τι

107 1767 126 1839 ὀ
141 1777 285 1858 Κροῖσος
298 1776 540 1861 μεταπέμπεται
558 1771 618 1842 τὸν
634 1774 753 1861 Φρύγα
766 1772 968 1860 Ἄδρηστον,
986 1768 1025 1840 ὀπ

106 1871 195 1960 μένφ
211 1872 251 1936 δέ
262 1874 295 1937 ολ
306 1872 394 1957 λέγει
412 1873 507 1940 τόδε·
540 1870 719 1959 Ἄδρηστε,
742 1871 808 1958 έγοί
822 1893 859 1940 σε
874 1876 1025 1957 συμφορή

107 1968 298 2053 πληγμένον
312 1964 459 2056 ὀχύριτι,
482 1971 545 2057 τήν
558 1997 609 2039 τοι
625 1967 687 2038 ούιι
705 1967 869 2056 ὀνειδίζω,
886 1968 1025 2054 ἐκόθηρι

107 2069 239 2133 οἰκίοισι
262 2061 508 2152 ὑποδεξάμενος
530 2073 592 2154 ἐχω
616 2069 771 2154 παρέχων
797 2073 908 2134 πᾶσαν
933 2064 1025 2134 δαποὲΔ

107 2167 172 2229 νῦν
195 2153 243 2228 ύν
270 2158 428 2249 ’ὀφείλεις
450 2161 514 2250 γὰρ
536 2167 614 2250 ἐμεῦ
639 2165 906 2252 προποιήσαντος
927 2183 1025 2252 χρηστ

107 2258 143 2327 σὲ
153 2265 324 2346 χρηστοῖσί
331 2285 372 2346 με
383 2256 588 2348 ἀμείβεσθαι·
600 2258 752 2348 φύλακον
763 2261 881 2341 παιδός
897 2281 932 2328 σε
948 2268 1008 2328 τοῦ
1023 2308 1025 2324 .

106 2363 225 2445 χρηίζω
248 2359 405 2442 γενέσθαι
428 2361 460 2436 ἐς
475 2356 588 2446 ’ἄγρην
611 2356 835 2446 ὁρμεομένου,
861 2359 907 2445 μή
928 2385 1014 2435 τινες

107 2449 344 2541 ὁδόν[ιιλῶπες]
351 2462 532 2544 κακοῦργοι
548 2460 600 2526 ἐπί
614 2457 732 2545 δηλήσι
746 2459 892 2544 φανέωσι
905 2453 994 2542 ὑμῖν.
1024 2513 1025 2521 ,

108 2555 144 2624 δὲ
166 2554 272 2646 τούτῳ
294 2557 347 2624 καὶ
362 2557 403 2624 σε’
412 2581 463 2624 τοι
477 2557 584 2644 χρεόν
601 2559 669 2624 ἐστι
684 2559 769 2625 ίέναι
784 2562 869 2625 ἔνθα
886 2553 1025 2642 ὀπολαμι

107 2679 180 2720 νεαι
195 2667 277 2720 τοῖσι
295 2656 438 2738 ἔργοισι·
467 2654 637 2741 πατρώιόν
653 2679 687 2722 τε
703 2654 767 2740 γύρ
782 2661 835 2721 τοί
848 2655 914 2720 ἐστι
932 2657 984 2720 καὶ
1000 2678 1024 2719 π

64 2772 96 2826 42
109 2753 155 2819 έτι
172 2747 265 2838 ῥύμη
284 2746 435 2835 ύπύρχει.
468 2748 648 2840 Ἀμείβεται
660 2749 881 2838 δ”Αδρηστος·
906 2746 944 2818 Ὠ
956 2759 1025 2839 βασι

107 2847 215 2941 ἄλλοις
234 2847 297 2934 μὲν
319 2853 421 2935 ἔγωγε
444 2846 488 2918 ἄν
509 2847 572 2919 οὐκ
586 2848 643 2938 ἤϊα
657 2852 690 2929 ἐς
711 2847 837 2919 ἄεθλον
852 2851 999 2921 τοιόνδε·

106 2948 171 3037 γὰρ
186 2955 344 3036 συμφορῇ
359 2955 470 3040 τοιῇδε
485 2952 689 3038 κεχρημένον
710 2949 801 3028 οίκός
816 2952 883 3018 ἐστι
900 2951 932 3028 ἐς
947 2947 1025 3038 ὁμήλ

108 3040 147 3116 εὖ
166 3046 377 3135 πρήσσοντας
398 3051 502 3136 ἰέναι,
529 3047 606 3116 οὔτε
630 3045 666 3116 τδ
688 3047 874 3135 βούλεσθαι
895 3047 1002 3136 πείρα,
1024 3087 1025 3114 ;

107 3151 188 3235 λαχή
203 3169 237 3212 τε
252 3140 295 3212 δν
310 3155 403 3231 ίσχον
418 3144 596 3233 ἐμεωυτόν.
627 3152 693 3213 νῦν
710 3143 765 3229 δὲ,
797 3147 902 3214 ἐπείτε
934 3145 976 3212 σύ
1001 3165 1025 3212 σε

103 3238 175 3321 ’δεις
196 3245 251 3310 καὶ
271 3244 324 3310 δεῖ
341 3268 392 3310 τοι
407 3249 600 3331 χαρίζεσθαι
624 3240 763 3330 ’ὀφείλω
777 3242 841 3330 γάρ
856 3262 892 3310 σε
909 3240 1022 3330 ὀμείβε

107 3353 288 3426 χρηστοίσι’
331 3342 457 3408 ποιέειν
479 3344 544 3428 είμλ
568 3343 695 3428 ἑτοῖμος
716 3348 835 3428 ταῦτα,
861 3341 964 3409 παϊδοέ
984 3368 1019 3408 τε

107 3434 166 3504 τόν
180 3437 383 3506 διακελεύεαι
400 3438 602 3526 φνλύσσειν,
624 3436 781 3528 ύπήμονα
803 3444 861 3506 τοῦ
876 3438 1025 3523 φυλόσσο

90 3536 132 3616 Ι,
