2354 3840
320 215 404 272 ιιιι.
434 216 479 272 ιιι
512 214 611 270 σιν.
645 220 820 273 les-155.
1006 209 1065 273 ιιι

66 397 165 450 μενος
187 376 243 440 καὶ
263 371 284 439 ὅ
301 399 334 440 τι
354 369 550 457 ποιήσαντα.
585 366 657 436 ὅδὲ
672 366 758 436 εἶπε·
792 367 865 437 Ούκ
882 374 951 437 ίστι
968 359 1067 446 οὖτος

66 466 158 557 ἀνὴρ
172 468 225 539 ὅτι
241 469 286 558 μή
300 468 361 556 σύ,
384 477 428 560 τῷ
449 471 516 537 έστὶ
536 469 679 554 δύναμις
699 468 844 555 τοσαύτη
866 466 922 554 ἐμὲ
940 465 980 553 δή
1000 458 1065 535 οἶδε

66 574 253 655 διαθεῖναι,
275 567 359 637 ούδέ
367 594 418 647 τις
431 567 634 654 ἀλλοτρίων,
657 560 685 636 ἀ
699 574 855 654 βασιλεῦ,
871 567 951 647 τάδε
965 570 1066 651 ἔργα·Ι

66 688 157 752 σται,
179 663 254 735 ἀλλ’
277 663 380 744 αύτάς
395 663 461 752 έχά
482 663 668 751 ἐμεωυτόν,
691 665 805 732 δεινόν
821 691 853 732 τι
870 662 1069 748 ποιεύμενος

63 763 258 850 Ἀσσυρίους
283 769 432 853 Πέρσησι
458 772 654 850 καταγελᾶν.
704 762 741 832 ‘0
766 763 798 833 δ’
827 762 997 851 ἀμείβετο·
1027 756 1068 831 Ὦ

10 858 13 865 ’
66 862 279 949 σχετλιάτατε
294 860 447 951 ἀνδρῶν,
464 869 550 955 ἔργον
564 870 610 953 τῷ
621 869 775 954 αἰσχίστῳ
789 863 919 950 οὕνομα
932 861 969 930 τὸ
986 863 1069 932 κάλ-

10 998 12 1003 .
66 968 180 1031 λιστον
202 967 302 1049 mo,
326 961 472 1048 φάςδιά
493 964 572 1043 τούς
592 967 896 1051 πολιορκεομένους
919 962 1069 1033 σεωυτὸν

10 1096 12 1101 .
66 1058 255 1146 ἀνηκέστως
268 1064 436 1131 διαθεῖναι
450 1083 456 1093 ·
476 1070 510 1130 τί
518 1060 550 1131 δ’
565 1057 593 1130 ἀ
612 1064 729 1149 μάταιε
756 1067 993 1151 λελωβημένου
1008 1069 1069 1132 σεῦ

10 1160 15 1165 ’
66 1165 199 1227 θᾶσσον
212 1164 246 1229 οί
254 1165 406 1249 πολέμιοι
416 1164 703 1250 παραστήσονταις
726 1170 792 1241 κῶς
807 1160 870 1231 ούκ
885 1167 1069 1244 ἐξέπλωσας

10 1270 19 1337 ἓ·
65 1263 135 1327 τῶν
150 1267 287 1346 φρενῶν
301 1258 452 1330 σεωυτὸν
466 1269 684 1349 διαφθείραςι
713 1258 749 1329 ‘0
764 1263 800 1328 δὲ
819 1260 905 1329 είπε·
949 1269 993 1331 El
1006 1265 1068 1348 μέν

10 1406 13 1413 -
65 1384 116 1429 τοι
136 1355 338 1446 ὑπερετίθεα
354 1359 395 1429 τά
416 1369 555 1449 ἔμελλον
575 1364 745 1450 ποιήσειν,
768 1360 832 1428 οὐκ
854 1359 897 1428 ἀν
918 1388 959 1448 με
973 1385 1069 1447 περι·

11 1498 20 1519 ·.
66 1463 168 1544 είδες,
190 1465 256 1526 νῦν
270 1457 302 1527 δ’
318 1458 372 1527 ἐπ’
390 1463 559 1547 ἐμεωυτοῦ
576 1461 760 1548 βαλόμενος
776 1463 907 1546 ἔπρηξα.
937 1458 1001 1546 ήδη
1019 1451 1068 1526 ἀν

65 1552 109 1642 ἢν
122 1553 168 1642 μή
178 1562 247 1623 τῶν
258 1563 328 1624 σοῖν
339 1557 452 1645 δεήση,
465 1563 620 1646 αἱρέομεν
633 1565 827 1645 Βαβυλῶνα.
851 1555 914 1643 ἐμά
930 1557 992 1642 μέν
1002 1554 1067 1643 γάρ

65 1649 111 1731 ὡς
126 1656 189 1737 ἔχω
200 1650 418 1742 αὐτομολήσω
429 1659 463 1734 ές
473 1653 510 1723 τό
522 1670 640 1747 τεῖχος,
658 1659 714 1725 καὶ
725 1655 822 1742 φήσω
832 1652 917 1740 πρὸς
932 1651 1065 1737 αύτούς,

64 1749 111 1830 ὥς
136 1748 203 1818 ύπδ
230 1757 290 1819 σεῦ
315 1753 396 1820 τάδε
418 1757 584 1823 πέπονθα.
619 1757 676 1822 καί
698 1759 802 1822 δοκέω
827 1759 943 1831 πείσας
963 1755 1066 1837 σφέας

61 1854 168 1916 ταῦτα
191 1853 279 1934 ἔχειν
302 1847 391 1917 οὕτω
412 1850 590 1930 τεύξεσθαι
610 1857 772 1938 στρατιῆς.
806 1848 850 1916 σύ
872 1849 924 1933 δέ,
947 1846 1004 1914 ἀπ’
1026 1840 1066 1932 ἧς

63 1944 109 2015 ἀν
122 1944 248 2034 ἡμέρης
263 1945 328 2034 έγύ
344 1950 472 2016 ἐσέλθω
489 1952 522 2026 ές
538 1947 576 2015 τὰ
591 1963 713 2035 τείχος,
735 1946 801 2017 ἀπὸ
822 1946 944 2032 ταύτης
961 1948 994 2024 ές
1009 1949 1064 2012 δε-

62 2043 171 2130 κάτην
184 2040 313 2132 ήμέρην
325 2051 384 2131 τῆς
399 2053 549 2112 σεωυτοῦ
564 2052 733 2133 στρατιῆς,
748 2051 807 2132 τῆς
821 2043 959 2130 ούδεμία
974 2048 1064 2110 ἔσται

65 2140 137 2228 ὥρη
152 2139 400 2229 ἀπολλυμένης,
422 2144 546 2229 ταύτης
564 2151 690 2230 χιλίους
709 2144 811 2224 τάξον
825 2139 909 2211 κατά
926 2137 984 2218 τάς
998 2147 1065 2206 Σε-
1116 2226 1119 2231 Ι

62 2238 222 2326 μιράμιος
249 2244 453 2326 καλεομένας
474 2240 598 2319 πύλας·
626 2239 708 2327 μετά
736 2240 773 2309 δὲ
797 2232 892 2317 αὖτις
917 2234 981 2304 άπό
1007 2242 1064 2321 τῆς
1091 2241 1094 2251 ’

62 2335 202 2421 δεκάτης
223 2338 256 2414 ές
277 2336 423 2423 ἑβδόμην
443 2335 565 2415 ἀλλους
587 2363 644 2424 μοι
663 2338 765 2417 τάξον
781 2341 960 2421 δισχιλίους
981 2331 1063 2400 κατά

61 2432 121 2512 τάς
142 2440 274 2501 Νινίων
302 2439 505 2521 καλεομένας
535 2436 659 2513 πύλας·
695 2431 760 2502 άπδ
783 2435 820 2500 δὲ
840 2439 898 2518 τής
923 2428 1064 2515 ἑβδόμης

10 2594 16 2603 .
62 2531 228 2602 διαλιπὸν
255 2543 361 2602 είκοσι
399 2533 540 2623 ἡμέρας,
585 2536 713 2600 ἔπειτεν
755 2527 879 2609 ἄλλους
927 2528 1063 2597 κάτισον

61 2629 200 2719 άγαχάν
221 2631 305 2701 κατά
326 2631 385 2712 τάς
401 2637 580 2702 Χαλδαίων
601 2635 804 2719 καλεομένας
820 2628 928 2707 πύλας
949 2653 1058 2715 τετρα-

61 2738 252 2818 κισχιλίους.
276 2731 420 2817 ἐχόντων
430 2733 467 2801 δὲ
477 2732 560 2820 μήτε
570 2737 605 2801 oc
614 2733 772 2820 πρότεροι
783 2731 888 2817 μηδὲν
898 2736 966 2796 τῶν
977 2726 1064 2813 ἀμυ-

62 2825 210 2895 νεύντων
237 2826 319 2915 μήτε
341 2822 452 2915 ούτοι,
474 2828 563 2917 πλήν
581 2833 801 2917 ἐγχειριδίων·
827 2835 926 2895 τοῦτο
947 2825 984 2894 δὲ
1004 2828 1064 2892 έάν

61 2928 158 3009 ἔχειν.
181 2921 263 3009 μετά
284 2924 321 2992 δὲ
337 2923 399 3012 τήν
421 2922 573 3013 εἰκοστήν
590 2923 718 3013 ἡμέρην
733 2927 834 3002 ίθέως
850 2921 912 3010 τήν
925 2925 988 3009 μέν
1002 2921 1063 2991 ἀλ*

61 3030 125 3108 λην
138 3019 298 3107 στρατιήν
317 3023 469 3090 κελεύειν
489 3025 583 3110 πέριξ
597 3022 822 3109 προσβάλλειν
842 3017 926 3106 πρὸς
941 3009 978 3086 τύ
995 3032 1064 3086 τεσ-

10 3168 13 3207 7
59 3143 132 3206 χος,
156 3119 286 3202 Πέρσας
301 3121 341 3186 δέ
352 3145 409 3205 μοι
423 3121 525 3200 τάξον
545 3121 629 3188 κατά
649 3144 684 3187 τε
707 3117 766 3196 τάς
780 3121 924 3203 Βηλίδας
943 3124 1063 3184 καλεο-

10 3234 14 3307 ξ
58 3217 163 3302 μένας
177 3217 287 3295 πύλας
301 3221 356 3286 καὶ
371 3225 527 3297 Κισσίας·
551 3217 595 3297 ὡς
608 3216 673 3304 γάρ
689 3214 753 3304 έχάι
768 3219 889 3301 δοκέω,
912 3218 987 3302 έμέο
1002 3242 1062 3302 με-

10 3322 14 3395 j
58 3311 146 3397 χάλα
161 3317 242 3398 ἔργα
259 3310 508 3402 ἀποδεξαμένου
523 3315 565 3383 τά
586 3341 621 3383 τε
637 3313 721 3383 ἀλλα
742 3316 973 3398 ἐπιτρέψονται
990 3315 1060 3399 έμολ

10 3408 19 3529 {L
62 3408 273 3497 Βαβυλώνιοι
293 3415 348 3479 καὶ
369 3410 409 3500 δή
434 3416 489 3481 καὶ
510 3420 578 3482 τῶν
598 3412 732 3483 πυλέων
753 3409 815 3491 τὰς
835 3411 1062 3559 βαξζηάηρας·
