2354 3840
123 185 187 249 ³62
513 186 765 244 HERODOTI

121 354 183 439 τέφ
195 346 336 434 δυνάμι,
363 353 437 434 κοίη
447 350 549 431 χειρίς
580 351 693 413 Ταῦτα
707 348 815 431 λέγων
827 342 902 412 οὐκὶ
915 350 1032 413 ἔπειθε
1045 343 1126 413 ἀλλα

122 449 157 514 οί
170 451 272 532 χρᾶν·
294 442 339 523 έις
359 445 395 512 δὲ
416 441 499 511 κατά
522 440 627 510 ταάτά
645 445 800 525 ἐθέσπιζέ
819 445 854 510 oc
875 444 931 510 καί
950 442 1124 530 πρότερον,

65 558 112 615 Ιοθ
124 553 231 629 οίχετο
246 540 368 630 μεταξὺ
383 537 589 608 ἀπολιπάνὸ
607 540 732 619 Βάττος
749 543 782 619 ές
796 537 859 627 τήν
870 540 997 626 Θήρην.
1031 539 1124 608 Μετά

125 645 161 710 δέ
172 640 263 732 αὐτῷ
274 668 309 709 τε
319 642 427 732 τοότφ
438 643 493 709 καλ
504 654 589 708 τοίσι
600 639 729 708 ἀλλοισι
736 647 912 726 Θηραίοισι
924 643 1127 727 συνεφέρετο

123 739 340 826 παλιγκότως.
369 737 570 825 ἀγνοεῦντες
595 740 631 805 δέ
651 735 710 817 τάς
736 735 913 825 σνμφοράς
934 742 970 805 οί
987 747 1126 824 Θηραῖοι

123 843 273 927 ἔπεμπον
289 841 323 916 ές
337 833 496 921 Δελφοὺς
515 839 591 921 περὶ
608 840 676 902 τῶν
696 834 893 918 παρεόντων
907 841 1032 902 κακῶν.
1055 831 1126 922 ἠδέ

123 942 240 1021 Πυθίη
256 955 317 1019 σφι
333 941 450 1020 έχρησε
464 938 675 1019 συγκτίζουσι
689 933 805 1024 Βάττφ
819 932 983 1021 Κυρήνην
996 940 1055 1019 τῆς
1066 942 1127 1002 Λι-

123 1033 209 1121 βόης
223 1030 362 1118 ἀμεινον
376 1029 523 1117 πρήξειν.
548 1026 750 1098 ἀπέστελλον
760 1026 842 1115 μετά
853 1037 958 1098 ταῦτα
968 1028 1030 1100 τόν
1039 1032 1127 1100 Βάτ-

122 1155 183 1197 τον
204 1135 239 1199 οί
250 1140 390 1217 Θηραῖοι
411 1129 475 1197 δύο
491 1130 792 1214 πεντηκοντέροισι.
825 1129 1019 1209 πλώσαντες
1038 1131 1076 1197 δὲ
1095 1132 1127 1208 ές

122 1224 185 1315 τήν
198 1227 329 1316 Λιβύην
340 1219 451 1313 οὗτοι,
463 1223 505 1294 οά
514 1223 580 1311 γάρ
592 1222 681 1311 εἶχον
691 1223 712 1293 ό
722 1251 753 1293 τι
764 1226 902 1294 ποιέωσι
911 1224 1005 1313 ἀλλο,
1021 1223 1126 1294 ὀπίσω

124 1323 378 1394 ἀπαλλάσσοντο
395 1327 429 1404 ές
447 1323 510 1411 τήν
525 1323 658 1410 Θήρην·
681 1328 716 1391 οί
728 1327 764 1391 δὲ
780 1333 921 1410 Θηραῖοι
942 1328 1127 1412 καταγομέ-

123 1449 206 1503 νους
221 1430 363 1511 ἔβαλλον
377 1425 433 1491 καὶ
444 1420 506 1490 οὖν
521 1429 587 1490 ἔων
600 1429 640 1509 τῇ
650 1429 693 1509 γῇ
703 1428 912 1508 προσίσχειν,
927 1420 1003 1492 ἀλλ’
1021 1421 1126 1493 ὀπίσω

123 1520 250 1589 πλόειν
263 1524 427 1590 ἐκέλευον.
450 1526 485 1590 οἱ
493 1521 529 1589 δέ
540 1519 803 1606 ἀναγκαζόμενοι
815 1517 921 1589 ὀπίσω
936 1519 1125 1610 ἀπέπλωον,

123 1620 179 1687 καί
193 1623 328 1686 ἔκτισαν
342 1626 449 1704 νῆσον
463 1621 516 1685 έπλ
531 1619 643 1705 Λιβύη
658 1620 832 1704 κειμένην,
854 1626 894 1708 τῇ
910 1619 1061 1707 οὕνομα,
1085 1617 1126 1698 ὡς

122 1715 359 1803 καὶπρότερον
376 1721 508 1802 είρέθη,
526 1719 594 1784 ἐστὶ
604 1718 745 1783 Πλατέα.
775 1719 903 1801 λέγεται
919 1717 956 1786 δὲ
970 1729 1027 1807 ίση
1043 1719 1126 1789 εἶναι

121 1812 143 1902 ἡ
158 1822 260 1901 υήσος
273 1821 314 1903 τῇ
329 1821 397 1882 νῦν
411 1821 616 1901 Κυρηναίων
632 1813 721 1886 πόλι.

61 1926 110 1984 157
211 1911 346 1999 Ταύτην
360 1912 524 1991 οἰκέοντες
539 1912 601 1978 δόο
613 1917 703 1996 έτεα,
719 1909 820 1979 οὐδέν
831 1913 897 2000 γάρ
910 1933 971 1999 σφι
981 1914 1125 2002 χρηστόν

123 2011 342 2094 συνεφέρετο,
366 2010 425 2076 ἕνα
439 2006 551 2076 αὐτῶν
568 2007 805 2088 καταλιπόντες
825 2015 859 2078 οἱ
871 2016 983 2081 λοιποὶ
1004 2015 1125 2096 πάντες

123 2102 301 2172 ἀπέπλωον
315 2108 348 2184 ές
358 2104 534 2192 Δελφούς,
549 2103 746 2194 ἀπικόμενοι
760 2110 797 2176 δέ
809 2111 862 2176 ἐπὶ
871 2107 908 2178 τό
924 2115 1124 2202 χρηστήριον

123 2206 293 2290 ἐχρέοντο,
322 2203 467 2288 φάμενοι
495 2208 617 2274 οἰκέειν
641 2233 676 2273 τε
700 2205 763 2293 τήν
786 2210 919 2296 Λιβύην
943 2216 1001 2282 καλ
1025 2211 1123 2282 οὐδὲν

123 2299 264 2389 ἀμεινον
273 2299 440 2386 πρήσσειν
450 2302 626 2382 οίκέοντες.
645 2300 665 2389 ἡ
679 2305 715 2370 δὲ
725 2310 842 2391 Πυθίη
854 2327 915 2392 σφι
925 2307 1011 2390 πρὸς
1021 2318 1122 2378 ταῦτα

121 2407 185 2488 χρᾷ
197 2397 293 2466 τόδε·
728 2463 731 2467 .
957 2469 962 2475 .

186 2501 232 2563 At
244 2492 286 2562 τό
304 2496 383 2580 έμεῦ
397 2496 530 2583 Λιβύην
544 2500 759 2587 μηλοτρόφον
774 2501 866 2581 οἶδας
882 2501 1035 2591 ἄμεινον,

186 2590 245 2677 Μή
263 2589 374 2660 έλθοόν
388 2593 564 2681 ἐλθόντος,
586 2593 673 2682 ἀγαν
688 2596 813 2686 ἀγαμαι
829 2607 954 2686 σοφίην
968 2621 1039 2670 σευ.

123 2689 328 2768 ἀκούσαντες
348 2694 385 2759 ἀὲ
404 2693 536 2761 τούτων
560 2697 594 2761 οί
612 2692 698 2780 ἀμφὶ
720 2693 781 2763 τόν
795 2697 926 2765 Βάττον
945 2695 1123 2768 ἀπέπλωον

121 2788 244 2859 ὀπίσω·
266 2783 311 2855 οό
317 2785 382 2876 γάρ
395 2788 435 2876 δή
446 2810 550 2876 σφεας
564 2788 653 2860 ἀπίει
667 2789 779 2872 όθεός
788 2801 846 2881 τῆς
857 2791 1028 2884 ἀποικίης,
1046 2799 1124 2883 πρὶν

121 2887 161 2975 δή
175 2885 360 2956 ἀπίκωνται
367 2890 400 2965 ές
412 2887 519 2976 αάτήν
525 2892 667 2978 Λιβύην.
686 2890 885 2980 ἀπικόμενοι
897 2896 934 2962 δὲ
945 2897 979 2974 ές
988 2895 1053 2982 τήν
1063 2904 1123 2984 νή-

121 3008 184 3056 σον
198 2988 253 3053 καί
267 2982 493 3071 ἀναλαβόντες
513 2984 574 3054 τόν
589 2994 705 3056 ἔλιπον
722 2996 856 3058 ἔκτισαν
863 2989 968 3077 αὐτῆς
987 3001 1046 3080 τῆς
1060 3005 1121 3064 Λι-

121 3089 206 3175 βύης
222 3093 333 3171 χῶρον
354 3083 470 3154 ἀντίον
491 3093 548 3170 τῆς
570 3088 695 3174 νήσου,
714 3097 760 3180 τῷ
784 3090 913 3178 οὕνομα
933 3085 1121 3181 ήνἍζιρις,

119 3183 181 3254 τόν
200 3183 305 3251 νάπαι
321 3209 356 3249 τε
376 3181 550 3250 κάλλισται
570 3182 623 3250 ἐπ’
642 3182 816 3272 ἀμφότερα
830 3193 1050 3273 συγκληίουσι
1070 3193 1123 3258 καλ

62 3295 111 3350 168
120 3276 268 3365 ποταμός
280 3276 321 3346 τά
340 3281 392 3347 ἐπὶ
405 3279 535 3366 θάτερα
549 3283 737 3369 παραρρέει.
786 3290 915 3350 Τοῦτον
933 3295 1047 3354 οίκεον
1063 3285 1122 3356 τόν

119 3388 230 3468 χῶρον
252 3380 286 3456 ἓξ
302 3381 391 3444 έτεα·
414 3377 545 3469 έβάόμφ
567 3382 607 3447 δέ
622 3399 727 3467 σφεας
749 3387 816 3449 έτεί
837 3383 1119 3470 παραιτησόμενοι
