2354 3840
340 207 423 261 LIB.
456 207 500 262 111.
534 205 633 264 CAP.
666 210 807 270 70—73.
1013 208 1075 273 251

68 357 122 439 τός
142 357 208 445 ἐγιδ
228 359 373 446 κατερέω
395 358 479 447 πρός
500 358 560 428 τόν
576 361 695 447 μάγον.
739 362 838 449 Λέγει
863 364 946 448 πρός
968 374 1072 434 ταῦτα
1092 383 1126 436 τι

66 452 219 543 Ὀτάνης,
248 454 361 545 ἐπειδή
387 456 457 544 ὥρα
485 457 714 545 σπερχόμενον
734 469 899 547 Δαρεῖον·
946 458 1074 531 Ἐπείτε

67 554 171 644 ἡμέας
186 557 408 643 συνταχύνειν
432 556 626 645 ἀναγκάζεις
648 561 702 627 καλ
722 557 994 647 ὑπερβάλλεσθαι
1010 558 1073 628 οὐκ

65 657 139 745 ἐᾷς,
162 664 213 724 λθι
231 658 346 741 ἐξηγέο
382 653 483 735 αὐτός
502 654 585 747 ὅτεῳ
606 657 719 749 τρόπῳ
739 658 885 746 πάριμεν
906 660 940 738 ἐς
954 656 994 726 τά
1008 666 1072 747 βα-

64 751 178 840 σιλήια
195 753 250 820 καλ
264 752 516 841 ἐπιχειρήσομεν
531 753 669 823 αὐτοῖσι.
688 753 849 842 Ιφυλακάς
866 755 930 845 γάρ
945 757 985 845 δή
1003 763 1073 825 διε-

64 851 211 929 σπεύσας
222 847 315 929 οἶδάς
329 877 392 919 κον
403 856 458 921 καλ
470 850 586 939 αὐτός,
603 859 634 922 εἰ
646 851 691 941 μή
703 858 803 941 ἰδών,
815 852 889 924 ἄλλ’
907 853 1070 934 άκούσας·

64 949 123 1029 τοὶς
136 951 199 1039 τέηο
213 949 326 1072 τρόπῳ
341 950 547 1039 περήσομεν;
579 950 761 1040 Ἀμείβεται
772 964 916 1040 Δαρεῖος
930 958 1070 1023 τοισίδε·

63 1016 198 1134 Ότάνή,
221 1077 242 1137 η
231 1040 364 1118 πολλα
380 1046 499 1116 ἐστι
462 1076 502 1116 τα
516 1049 605 1140 λόγςο
620 1048 738 1136 μέν’
699 1077 762 1119 ονκ
783 1048 837 1120 οἷά
856 1077 893 1119 τε
913 1056 1070 1139 δηλῶσαι,

65 1154 153 1238 ἔργῳ
170 1148 222 1215 δέ·
256 1144 394 1215 άλλαδ’
421 1150 488 1215 ἐστὶ
509 1144 550 1214 τά
571 1146 659 1237 λόγῳ
679 1149 720 1234 μὲ
721 1175 742 1215 ν
704 1143 817 1217 {old
836 1174 888 1234 τε,
910 1154 1010 1236 ἔργον
1034 1152 1070 1216 δὲ

64 1241 200 1365 οήδλν’
182 1241 239 1312 απ’
257 1241 370 1312 αὐτῶν
384 1242 538 1331 λαμπρόν
553 1252 688 1330 γίνεται.
715 1243 810 1331 ὑμεῖς
825 1248 862 1313 δε
875 1254 944 1313 ἴστε
959 1253 1070 1330 φυλα-

66 1341 127 1422 κάς
149 1339 208 1420 τάς
228 1342 452 1420 κατεστειόσας
469 1343 589 1421 ἐούσας
602 1338 704 1410 οὐδέν
716 1339 860 1429 χαλεπάς
874 1350 1066 1428 παρελθεῖν.

63 1443 242 1529 τοῦτομὲν
261 1440 326 1530 γάρ
347 1442 460 1531 ἡμέων
480 1443 606 1512 ἐόντων
625 1446 765 1511 τοιῶνδε
785 1440 894 1522 οὐδεὶς
914 1438 1006 1520 ὅστις
1026 1435 1068 1509 οό

62 1543 222 1630 παρήσει,
244 1541 285 1610 τά
305 1543 368 1629 μέν
383 1567 447 1610 κου
464 1539 720 1628 καταιδεόμενος
741 1537 861 1628 ήμέας,
886 1536 926 1607 τά
945 1542 984 1606 δέ
1005 1562 1069 1606 κον

63 1646 119 1711 καλ
145 1647 462 1728 δειμαίνων,τοῦτο
488 1642 525 1710 δὲ
550 1647 613 1729 ἔχοι
638 1639 739 1720 αύτός
759 1648 884 1727 σκῆψιν
905 1635 1069 1723 εὐπρεπε-

61 1740 203 1827 στάτην,
218 1747 258 1829 τῇ
271 1739 434 1827 πάριμεν,
458 1737 524 1826 φάς
541 1738 616 1826 άρτι
630 1765 665 1807 τε
678 1738 774 1826 ήκειν
789 1741 825 1807 ἐκ
840 1739 999 1822 Περσέων
1013 1740 1068 1803 καὶ

61 1838 250 1955 βούλεσθαί
260 1864 291 1905 τι
305 1843 383 1916 ἔπος
397 1835 487 1924 παρά
502 1844 563 1904 τοῦ
577 1836 702 1923 πατρός
713 1843 901 1924 σημῆναι
869 1862 915 1901 τοι
901 1836 1063 1920 βασιλέα

62 1943 147 2006 ἔνθα
162 1935 227 2022 γάρ
238 1963 269 2003 τι
281 1939 334 2004 δεῖ
344 1941 468 2017 ψεῦδος
481 1939 656 2021 λέγεσθαι,
671 1936 830 2021 λεγέσθω.
853 1938 915 1999 τοῦ
926 1929 990 2016 γάρ
1005 1927 1068 1996 αὐ-

41 2060 45 2069 ·
63 2061 122 2100 του
108 2033 321 2119 γλιχόμεθα
337 2037 372 2100 οἵ
390 2059 425 2101 τε
439 2034 642 2120 ψευδόμενοι
656 2034 711 2101 καλ
726 2037 814 2101 ολ
726 2058 815 2122 οτη
835 2029 977 2119 ἀληθείη
993 2033 1067 2095 δια-

60 2132 244 2219 χρεόμενοι.
274 2137 309 2201 οἱ
320 2135 382 2218 μέν
398 2158 435 2218 γε
450 2132 631 2214 ψεύδονται
645 2130 736 2217 τότε,
762 2128 864 2197 ἐπεάν
877 2154 909 2196 τι
923 2129 1067 2213 μέλλωσι

61 2246 146 2300 τοῖσι
161 2231 300 2312 ψεύδεσι
320 2238 492 2312 πείσαντες
515 2232 754 2321 κερδήσεσθαι,
777 2256 808 2298 οι
801 2227 862 2297 δ
886 2227 1065 2315 άληθίζον-

61 2357 130 2416 ται,
145 2331 202 2396 ἵνα
216 2356 248 2397 τι
262 2336 302 2419 τῇ
316 2327 457 2420 άληθείη
472 2325 718 2400 ἐπισπάσωνται
717 2332 850 2452 κέρδρς
864 2335 923 2396 καί
934 2354 964 2394 τι
979 2333 1065 2411 μᾶλ-

63 2429 124 2498 λόν
139 2449 200 2516 σφι
215 2429 441 2517 ἐπιτράπηται.
465 2427 553 2498 οὕτω
567 2427 609 2498 ού
625 2425 729 2496 ταότα
745 2425 920 2503 ἀσκέοντες
934 2422 1063 2491 τώυτοῦ

61 2525 292 2613 περιεχόμεθα.
317 2533 347 2595 ελ
359 2527 397 2596 δε
407 2528 512 2616 μηδὲν
523 2526 746 2626 κερδησεσθαι
757 2520 955 2612 μέλλοιεν
942 2527 1063 2609 ομοίως

61 2621 104 2691 άν
119 2624 139 2692 ό
152 2652 187 2693 τε
203 2623 443 2714 ἀληθιζόμενος
457 2624 583 2714 ψευδής
598 2636 648 2712 ελη
664 2612 743 2694 μαλ’
729 2651 747 2693 ο
759 2624 966 2710 ψευδόμενος
981 2617 1065 2702 άλη

59 2724 134 2851 θής
159 2722 195 2802 ὃς
212 2721 256 2793 άν
277 2729 338 2812 μέν
360 2754 425 2794 νυν
444 2735 512 2795 τῶν
532 2728 747 2812 πυλουρῶν
730 2752 816 2794 εκοιν
831 2731 950 2814 παρίη,
975 2716 1065 2807 αυτῷ

59 2827 94 2890 οι
108 2819 248 2908 άμεινον
269 2825 301 2902 ἐς
320 2825 445 2912 χρόνον
465 2823 612 2894 ἔσται·
593 2850 629 2904 ος
651 2821 726 2893 δ’”
705 2853 748 2893 αν
769 2822 977 2912 ἀντιβαίνειν
992 2841 1066 2883 πει-

60 2927 173 3005 ρᾶται,
191 2922 439 2994 διαδειιινύσθω
456 2928 603 2992 ἐνθαῦτα
619 2921 683 2991 ἐόν
697 2926 852 3009 πολέμιος
867 2923 922 2988 καλ
938 2921 1066 2982 ἔπειτεν

60 3016 227 3104 ιόσάμενοι
251 3023 316 3087 έσοι
337 3027 440 3108 ἔργον
462 3022 623 3109 ἐχόμεθα.
676 3025 773 3107 Λέγει
792 3018 958 3106 Γωβρύης
982 3013 1065 3099 μετὰ
1082 3031 1113 3085 73

58 3123 178 3186 ταῦτα·
203 3113 342 3205 ’Ἄνδρες
357 3127 466 3207 φίλοι,
488 3118 569 3208 ἡμῖν
584 3119 659 3188 κότε
675 3119 813 3187 κάλλιον
828 3122 962 3202 παρέξει
980 3116 1052 3185 άνα-

58 3216 234 3285 δάσασθαι
249 3214 311 3304 τήν
326 3215 449 3306 ἀρχήν,
472 3214 494 3306 ή
509 3228 543 3286 ελ
554 3245 593 3306 γε
607 3217 652 3305 μή
668 3213 780 3286 οἷοίτε
795 3216 943 3301 ἐσόμεθα
958 3214 1064 3303 αὐτήν

58 3309 276 3400 λναλαβέειυ,
323 3309 513 3384 ἀποθανεῖν
553 3315 608 3385 ὅτε
628 3343 666 3403 γε
683 3313 856 3404 άρχόμεθα
876 3317 939 3405 μὲν
955 3315 1064 3392 ἐόντες

61 3413 186 3497 Πέρσαι
204 3405 270 3478 ὑπό
283 3413 408 3499 Μήδου
420 3410 546 3500 ’άνδρός
562 3415 689 3502 μάγον,
711 3416 766 3482 καλ
780 3411 905 3483 τούτου
921 3407 987 3482 ιότα
1003 3410 1065 3480 οόιι

1057 3536 1100 3600 Ι
