2354 3840
200 164 202 169 ’
333 205 418 263 ιιε.
450 205 498 264 w.
534 205 632 263 ολε.
667 212 800 268 τε-εο.
1007 205 1071 268 ειν

58 372 170 447 σκημε
185 358 290 448 βίλος.
314 362 370 429 καλ
383 356 404 446 ἡ
416 360 480 446 μὲν
490 361 634 446 κατεκάη
648 369 755 449 πᾶσα,
773 362 909 450 Σκύλης
920 366 956 432 66
968 362 1070 433 ούδδν

58 457 186 526 τούτου
201 460 329 526 είυεκεν
349 459 451 525 ἕσσον
471 460 640 528 ἐπετέλεσε
659 456 722 546 τήν
735 460 879 547 τελετήν.
929 461 1069 529 Σκύθαι

59 556 97 623 δδ
110 559 174 623 τοῦ
187 555 366 642 βακχεύειν
380 556 456 641 πέρι
464 552 599 642 Ἕλλησι
614 554 829 639 ὀνειδίζουσι·
853 555 896 626 ού
905 559 971 645 γάρ
984 579 1068 643 φασι

61 648 153 730 οίκδς
174 649 259 720 εἶναι
275 648 361 720 θεὸν
381 654 586 736 ἐξευρίσκειν
606 660 744 742 τοῦτον,
773 653 864 734 ὅστις
886 662 1067 741 μαίνεσθαι

60 751 172 837 ἐνάγει
195 746 411 835 ἀνθρώπους.
454 755 562 823 ἐπείτε
584 754 620 820 66
641 756 798 840 ἐτελέσθη
819 761 864 845 τῷ
877 761 1026 845 Βακχείῳ
1047 751 1065 823 6

61 847 205 934 Σκύλης,
219 849 334 933 διάδρη
347 848 513 927 πιστεύσας
530 854 599 917 τῶν
612 855 959 937 τιςΒορυσθενεϊτέων
981 848 1065 938 πρὸς

61 943 139 1023 τούς
147 945 291 1026 Σκύθας
302 948 427 1033 λέγων·
454 943 554 1033 Ἡμῑυ
567 947 633 1035 γάρ
644 955 856 1035 καταγελᾶτε,
873 942 1063 1035 ύΣκύθαί,

61 1040 110 1111 ὅτι
124 1045 334 1131 βακχεύομεν
354 1047 410 1114 καλ
423 1043 527 1133 ἡμέας
547 1043 566 1113 ὁ
583 1043 666 1125 θεὸς
681 1045 861 1133 λαμβάνει·
883 1054 950 1115 νῦν
965 1039 1065 1126 οὗτος

60 1139 77 1210 6
91 1145 221 1228 δαίμων
237 1146 293 1212 καὶ
306 1141 367 1212 τδν
381 1142 544 1231 ὑμέτερον
558 1147 696 1232 βασιλέα
710 1147 889 1234 λελάβηκε,
911 1150 967 1214 καὶ
980 1155 1065 1233 βακ-

59 1239 148 1326 χεύει
162 1242 218 1308 καὶ
234 1237 300 1309 ύπὸ
322 1248 384 1309 τού
403 1248 491 1310 θεοῦ
505 1249 667 1329 μαίνεται.
703 1248 733 1311 εί
747 1245 788 1310 δέ
804 1267 862 1329 μοι
882 1239 1063 1328 ἀπιστέετε,

59 1340 199 1424 ἕπεσθε,
220 1340 276 1405 καλ
289 1335 371 1424 ύμίν
385 1335 450 1425 ἐγεδ
467 1341 558 1419 δέξω.
582 1378 584 1389 ·
604 1342 753 1407 Εἴποντο
768 1346 837 1407 τῶν
847 1343 1016 1407 Σκυθέων
1031 1343 1065 1406 οί

58 1444 296 1526 προεστεῶτες,
320 1442 376 1508 καλ
397 1435 521 1518 αύτούς
546 1435 726 1527 άυαμαμώυ
749 1437 768 1507 6
794 1445 1063 1524 Βορυσθενεΐτης

56 1538 174 1627 λάθρη
195 1540 249 1608 ἐπὶ
269 1538 402 1627 πύργου
428 1552 551 1608 αατίσε.
598 1540 706 1608 ἐπείτε
732 1540 768 1608 δὲ
789 1538 910 1627 παρήιε
930 1536 996 1607 σύν
1016 1543 1062 1629 τῷ

55 1636 168 1727 θιάσῳ
188 1633 207 1704 ὁ
223 1636 359 1724 Σκύλης
374 1640 430 1706 καλ
451 1635 545 1714 εἶδόν
563 1663 623 1722 μιν
636 1638 843 1725 βακχεύοντα
865 1642 900 1706 οί
912 1637 1061 1721 Σκύθαι,

54 1734 162 1819 κάρτα
183 1732 365 1822 συμφορήν
386 1733 536 1821 μεγάλην
559 1735 778 1822 ἐποιήσαντο,
806 1734 999 1816 ἐξελθόντες
1025 1733 1062 1800 δδ

55 1831 241 1920 ἐσήμαινον
265 1831 357 1922 πάσῃ
381 1838 421 1920 τή
445 1838 584 1920 στρατιῇ
604 1829 645 1898 τά
671 1836 785 1900 ἴδοιεν.
833 1830 892 1910 Ὡς
917 1833 954 1927 δέ
978 1824 1061 1915 μετά
1076 1839 1113 1894 80

54 1937 160 1999 ταύτα
175 1930 336 2019 ἐξήλαυνε
350 1929 369 1999 ὁ
381 1930 518 2016 Σκύλης
530 1932 564 2008 ἐς
576 1927 665 2016 ήθεα
674 1927 715 1998 τὰ
727 1933 865 2017 ἑωυτοῦ,
876 1936 914 2000 οί
922 1927 1061 1998 Σκύθαι

53 2029 322 2117 προστησάμενοι
338 2026 400 2096 τδυ
415 2023 583 2114 ἀδελφεὸν
598 2023 704 2094 αὐτοῦ
715 2024 985 2113 Ὀκταμασάδην,
1003 2051 1061 2111 με·

53 2125 178 2213 γουότα
192 2131 229 2195 ἐκ
242 2133 300 2214 τῆς
314 2127 431 2214 Τήρεω
441 2124 632 2212 θυγατρὸς,
647 2126 859 2194 ἐπανιστέατο
871 2132 918 2290 τῳ
928 2124 1057 2213 Σκύλη.

52 2223 71 2294 6
87 2225 124 2292 66
139 2222 261 2312 μαθάν
274 2223 311 2293 to*
329 2225 512 2313 γινόμενον
529 2222 582 2293 ἐπ’
603 2226 715 2314 ἑωυτῷ
730 2225 784 2291 καὶ
795 2220 909 2308 τήυί
873 2250 925 2291 ατ
907 2230 993 2309 τίηυ,
926 2217 1058 2292 ίδι’

53 2321 96 2410 ἣν
111 2325 274 2410 ἐποιέετο,
295 2320 499 2440 καταφεύχει
522 2319 611 2400 ἐς
575 2347 638 2407 την
654 2325 815 2405 Θρηίκην
862 2319 1060 2403 πυθόμενος

53 2422 90 2490 66
105 2419 145 2489 6’
142 2421 383 2542 Οκταμασάδης
396 2426 502 2488 ταῦτα
518 2417 732 2504 ἐστρατεύετο
745 2411 849 2483 ἐπὶ
814 2440 876 2500 την
891 2419 1057 2499 Θρηίκην·

52 2523 159 2589 ἐπείτε
180 2518 216 2587 δὲ
228 2521 281 2588 ἐπὶ
290 2545 336 2610 τῳ
342 2518 460 2609 Ἴστρῳ
470 2511 783 2602 ἐγένετο,ήντίασάυ
795 2536 853 2597 μιυ
865 2508 1057 2620 οίΘρήικες,

52 2615 245 2704 μελλόντων
259 2617 296 2684 66
313 2613 427 2683 αὐτῶν
447 2612 615 2693 συνάψειν
637 2617 762 2696 έπεμψε
776 2608 944 2731 Σιτάλκης
965 2603 1055 2698 παρά

53 2710 112 2782 τὸν
123 2711 375 2800 Ὀκταμασάδην
388 2715 497 2798 λέγων
511 2709 641 2778 τοιάδε·
666 2714 709 2776 Τί
721 2704 886 2794 δεῖὴμέας
901 2701 1056 2790 ἀλλήλοιν
1132 2751 1136 2758 1

51 2817 273 2898 πειρηθήυαι;
296 2809 342 2889 εἷς
363 2811 425 2896 μέν
440 2835 505 2895 μευ
524 2815 582 2894 τής
602 2803 767 2924 άδελῳεής
791 2819 884 2890 παῖς,
912 2809 995 2889 ἔχεις
1019 2804 1059 2868 δέ

51 2935 114 2995 μευ
130 2905 306 2992 άδελφεόυ.
341 2906 385 2974 σύ
406 2933 425 2974 τ
428 2903 534 2993 ’ἐμοὶ
551 2903 677 2984 ἀπόδος
691 2911 829 2990 τούτου,
852 2928 907 2968 και
895 2896 987 2985 676
1003 2898 1055 2964 σοὶ

52 3005 110 3076 τόυ
126 3004 188 3074 σύν
202 3006 344 3094 Σκύλην
358 3009 586 3093 παραδίδωμι·
614 3010 751 3093 στρατιή
766 3005 803 3070 66
820 3000 902 3089 μήτε
919 2995 963 3065 σύ
980 3022 1055 3063 κιν-

49 3102 216 3222 δυνεύσης
230 3104 295 3191 μήτ
298 3101 402 3190 ’ἐμά
440 3103 554 3170 Ταῦτά
568 3106 603 3169 oc
617 3102 749 3188 πέμψας
762 3128 781 3169 ο
768 3098 963 3183 ’Σιτάλκης
978 3098 1055 3164 ἐπε-

48 3202 270 3289 κηρυκεύετο·
302 3193 353 3287 ήυ
368 3197 434 3288 γάρ
456 3197 546 3287 παρὰ
571 3225 616 3291 τῳ
635 3195 864 3285 Ὀκταμασάδη
892 3189 1068 3278 άδελφεδς

49 3299 222 3368 Σιτάλκεω
231 3295 410 3386 πεφευγώς
433 3305 566 3366 τοῦτον
599 3323 618 3365 ο
606 3294 670 3366 δὲ
682 3295 928 3383 Ὀκταμασάδης
939 3319 1054 3361 καται-

46 3404 115 3470 νέει
138 3405 260 3482 ταῦτα,
293 3395 413 3477 ἐκδούς
440 3400 477 3468 66
503 3396 565 3466 τδυ
591 3400 719 3464 ἑαυτοῦ
744 3393 880 3484 μήτρωα
905 3391 1054 3480 Σιτάλκη
