2354 3840
221 202 225 206 ,
315 117 609 177 LIB.111.CAP.
646 126 822 182 131—135.
1006 118 1067 186 281

67 279 170 354 έθνος
182 270 444 361 προσκτεόμενος
462 272 540 343 οὔτε
560 274 708 363 δύναμιν
722 281 880 367 Πέρσησι.
925 279 1016 360 οίκός
1034 284 1074 351 δέ

68 373 133 440 ἐστι
153 369 263 458 ἄνδρα
286 373 342 440 καί
361 375 441 440 νέον
460 375 515 441 καί
534 375 712 461 χρημάτων
734 376 890 463 μεγάλων
904 380 1070 466 δεσπότην

68 474 255 555 φαίνεσθαί
260 494 293 538 τι
303 467 604 557 ἀποδεικνύμενον,
615 474 672 538 ἵνα
685 475 872 562 καλΠέρσαι
899 474 1072 546 ἐκμάθωσι

68 565 117 635 ότι
135 563 187 635 ὑπ
189 563 387 653 ἰἰνδρός”
363 592 529 654 αρχονται.
571 567 624 636 ἐπ’
645 567 820 658 ἀμφότερα
843 574 884 640 δέ
900 597 951 641 τοι
973 579 1068 659 φέρει

67 668 170 732 ταῦτα
184 666 322 749 ποιέειν,
337 667 392 732 καί
403 668 459 732 ἵνα
475 669 721 754 σφέωυΠέρσαι
749 672 947 741 ἐπίστωνται
959 671 1068 761 ἄνδρα

67 759 200 830 εἰναι
164 787 227 831 τον
243 769 467 850 προεστεωτα,
494 769 550 832 καὶ
569 768 626 832 ίνα
640 773 819 855 τρίβωνται
835 774 967 891 πολέμῳ
984 774 1067 860 μηδι

66 857 233 946 σχολὴν”
210 885 349 946 αγοντες
372 861 619 948 ἐπιβουλεύωσί
631 888 693 932 τοι.
732 872 799 935 νύν
819 866 884 955 γάρ
900 868 944 935 όν
959 895 991 936 τι
1012 872 1067 937 καὶ

10 1026 39 1041 ,Ι
64 954 241 1038 ἀποδέξαιο
265 963 383 1045 ἔργον,
408 962 470 1038 ἕως
495 961 571 1040 νέος
597 959 642 1040 είς
667 960 820 1050 ἡλικίην·
851 964 1068 1058 αύξανομένω

62 1051 173 1145 γάρ
141 1062 188 1122 τύ
200 1053 325 1143 σάματι
346 1057 573 1139 συναύξονται
589 1061 696 1128 καλαί
709 1064 845 1150 φρένες,
862 1066 1066 1184 γηράσκοντι

63 1155 99 1222 δὲ
112 1155 388 1276 συγγηράσκουσι
403 1161 458 1226 καί
473 1157 551 1237 ἐς
515 1185 555 1226 τα
569 1159 746 1247 πρήγματα
762 1160 871 1228 πάντα
882 1159 1067 1285 ἀπαμβλύ-

62 1278 189 1320 νονται.
214 1250 260 1320 H
270 1255 334 1337 μὲν
355 1252 395 1341 δὴ
413 1262 517 1322 ταῦτα
538 1258 574 1323 ἐκ
596 1260 730 1344 διδαχῆς
746 1263 855 1344 ἐλεγε,
876 1255 948 1326 ὁδ’
972 1255 1065 1345 άμεί-

61 1360 156 1440 βεται
166 1356 306 1421 τοιοίδε·
323 1347 363 1420 Ὦ
376 1354 495 1439 γύναι,
511 1353 637 1441 πάντα,
661 1352 788 1444 ὅσαπερ
808 1353 908 1435 αύτὸς
923 1358 1064 1423 ἐπινοέω

61 1451 232 1539 ποιήσειν,
255 1461 403 1538 εἴρηκας·
426 1449 490 1539 ἐγοδ
506 1451 571 1540 γάρ
588 1455 813 1541 βεβούλευμαι
827 1456 939 1536 ζεύξας
953 1459 1062 1542 γέφυ-

62 1575 128 1636 ραν
148 1552 185 1618 ἐκ
202 1553 303 1637 τῆσδε
323 1557 381 1639 τῆς
399 1548 541 1639 ἡπείρον
568 1554 601 1630 ἐς
623 1549 686 1639 τὴν
707 1554 823 1640 ἑτέρην
849 1553 991 1642 ἤπειρον
1012 1556 1066 1622 ἐπὶ
1148 1607 1158 1620 .

61 1649 207 1729 Σκύθας
229 1651 489 1738 στρατεύεσθαι·
519 1652 692 1717 καὶταῦτα
707 1648 823 1736 ὀλίγον
834 1653 959 1737 χρόνον
974 1656 1065 1719 ἐσται

59 1750 253 1835 τελεύμενα.
275 1747 522 1834 ΛέγειἍτοσσα
536 1750 633 1816 τάδε·
654 1746 738 1836 Ὅρα
754 1775 837 1835 υνν,
855 1752 908 1817 ἐπὶ
922 1750 1065 1827 Σκύθας

61 1847 124 1934 μέν
151 1842 214 1932 τὴν
240 1847 377 1935 πράτην
397 1848 484 1915 ίέναι
511 1852 628 1915 ἐασον·
661 1839 755 1914 οὗτοι
781 1843 864 1933 γάρ,
897 1844 998 1913 ἐπεάν
1020 1841 1064 1911 σύ

62 1944 186 2033 βούλῃ,
212 1950 348 2013 ἔσονταί
357 1969 425 2012 τοι·
454 1941 496 2012 σύ
515 1948 554 2012 δέ
571 1968 627 2031 μοι
650 1945 702 2010 ἐπὶ
724 1940 786 2030 τὴν
802 1941 942 2010 Ἑλλάδα
963 1961 1064 2029 στρα-
1113 2024 1116 2029 Ι

61 2042 229 2113 τεύεσθαι.
274 2048 446 2132 ἐπιθυμέω
462 2043 527 2133 γάρ
559 2045 649 2135 λόγῳ
660 2045 903 2130 πυνθανομένη
936 2049 1065 2112 Λακαί-

58 2169 121 2222 νας
134 2146 241 2231 τέμοι
256 2146 417 2230 γενέσθαι
434 2151 643 2231 θεραπαίνας
657 2145 713 2211 καί
726 2140 874 2230 Ἀργείας
894 2145 950 2210 καὶ
960 2141 1062 2211 Ἀττι-

58 2241 121 2321 τὰς
156 2244 211 2311 καί
239 2248 434 2330 Κορινθίας.
491 2248 574 2329 ἔχεις
600 2242 636 2310 δέ
664 2239 771 2329 ἄνδρα
803 2243 1064 2328 ἐπιτηδεότατον

59 2337 196 2427 ἀνδρῶν
209 2339 348 2408 πάντων
362 2342 451 2419 δέξαι
471 2363 507 2405 τε
522 2340 643 2405 ἕκαστα
657 2346 716 2424 τῆς
723 2337 879 2415 Ἑλλάδος
893 2340 947 2405 καὶ
961 2364 1064 2425 κατη-

57 2438 229 2528 γήσασθαι
242 2445 381 2524 τοῦτον,
397 2435 434 2516 ὅς
450 2457 511 2506 σευ
525 2434 586 2506 τόν
599 2437 688 2505 πόδα
701 2436 860 2522 ἐξιήσατο.
879 2433 1062 2523 Ἀμείβεται

57 2550 219 2626 Δαρείος·
243 2532 284 2607 Ὦ
298 2538 419 2625 γύναι,
434 2539 505 2606 ἐπεὶ
518 2543 636 2606 τοίνυν
650 2562 701 2604 τοι
713 2537 822 2604 δοκέει
838 2542 896 2622 τῆς
905 2533 1062 2613 Ἑλλάδος

57 2636 164 2726 ἡμέας
180 2642 295 2724 πρῶτα
316 2632 583 2722 ἀποπειρᾶσθαι,
612 2635 845 2712 κατασκόπους
870 2658 927 2719 μοι
955 2632 1062 2699 δοκέει

57 2739 218 2825 Περσέων
231 2740 366 2822 πρῶτον
380 2731 521 2821 ἄμεινον
542 2732 626 2802 είναι
643 2731 729 2821 ὁμοῦ
743 2733 852 2821 τούτῳ
875 2737 921 2820 τῷ
939 2727 982 2796 σύ
1005 2730 1061 2796 λε’-

56 2862 126 2923 γεις
140 2837 267 2922 πέμψαι
282 2837 315 2914 ἐς
333 2833 474 2921 αύτούς,
490 2840 526 2903 ολ
536 2835 705 2922 μαθόντες
725 2835 781 2901 καί
797 2830 925 2908 ἰδόντες
940 2832 1060 2896 ἕκαστα

57 2931 172 3003 αύτοῑν
192 2933 424 3020 ἐξαγγελέουσι
440 2930 539 3020 ἡμῖν·
569 2936 624 3001 καὶ
654 2938 783 3001 ἔπειτεν
808 2927 1061 3011 ἐξεπιστάμενος

56 3028 109 3099 ἐπ’
129 3026 256 3108 αύτούς
272 3034 444 3117 τρέψομαι.
478 3037 589 3099 Ταῦτα
615 3028 685 3098 εἷπε
705 3030 760 3096 καλ
776 3024 844 3112 άμα
865 3030 943 3103 ἔπος
957 3050 992 3092 τε
1006 3027 1062 3094 καί
1079 3041 1126 3098 Ιὸι

53 3134 157 3214 ἔργον
179 3130 296 3197 ἐποίεε.
361 3126 469 3194 ἐπείτε
502 3124 565 3214 γάρ
587 3125 724 3212 τάχιστα
748 3119 854 3209 ἡμέρη
881 3123 1058 3208 ἐπέλαμψε,

52 3232 196 3306 καλέσας
209 3227 369 3312 Περσέων
389 3221 515 3310 ἄνδρας
538 3228 696 3310 δοκίμους
720 3224 957 3289 πεντεκαίδεκα
986 3227 1058 3292 ἐνε-

51 3328 188 3400 τέλλετό
205 3346 267 3413 σφι
279 3328 463 3413 ἑπομένους
475 3323 672 3414 Δημοκὴδεῑ
690 3326 874 3404 διεξελθεῖν
893 3314 933 3386 τά
950 3343 1059 3402 παρα-
