2354 3840
314 183 395 237 ΗΒ.
429 183 472 238 ΙΙΙ.
506 182 604 238 cAv.
639 186 740 240 138-
753 188 812 240 142.
1001 180 1063 243 285

60 336 203 407 δέντι
167 364 218 407 το
224 337 308 426 εἷμα.
333 335 462 425 ἀναβάς
474 341 511 406 δὲ
526 340 558 416 ές
573 364 613 405 τα
603 335 743 405 Σοῦσα
758 340 843 418 ἵζετο
864 343 898 417 ές
918 339 958 407 τά
976 365 1021 424 πρ
1023 346 1062 409 ό-

59 431 151 510 δορα
175 449 244 490 των
263 424 416 510 βασιλέες
438 427 552 489 οίνίων
567 421 622 487 καὶ
640 425 703 505 έφη
718 427 866 505 Δαρείου
888 366 1062 510 εὐεργέτης

59 517 153 595 εἶναι.
179 517 334 607 ἀγγέλλει
346 528 449 591 ταῦτα
467 518 614 596 ἀκούσας
635 545 652 585 ο
668 516 838 605 πολονρος
856 546 901 610 τςο
888 523 1059 607 βασιλέί·

59 612 128 683 666
158 613 321 701 θωμάσας
349 619 437 703 λέγει
452 613 535 701 πρὸς
549 611 669 684 αὐτόν·
714 617 778 683 Καὶ
801 624 850 695 τίς
867 590 951 684 ἐστι’
952 615 1061 704 Ελλή-

61 738 128 780 νων
144 711 338 803 εὐεργέτης,
367 723 413 806 τῷ
436 712 500 802 ἐγω
518 706 756 803 προαιδέομαι,
787 717 983 801 νεωστὶμὲν
998 713 1060 801 την

58 809 164 899 ἀρχὴν
179 819 283 900 ἔχωνς
299 812 485 902 ἀναβέβηκε
500 811 532 882 δ’
548 813 630 902 ἥτις
643 808 665 899 ἦ
677 811 786 892 οὐδείς
800 838 848 880 κω
860 812 939 896 παρ’
958 811 1060 900 ἡμέας

57 909 188 996 αὐτῶν,
221 918 283 998 έχω
309 913 345 983 δὲ
372 917 466 1001 χρέος
491 918 596 982 εἰπεῖν
625 908 724 981 οὐδὲν
748 908 871 995 ἀνδρὸς
884 909 1058 997 Ἕλληνος·

57 1009 148 1097 ὅμως
161 1011 197 1078 δὲ
213 1008 318 1079 αὐτὸν
332 1014 498 1099 παράγετε
510 1018 586 1098 ἔσω,
601 1014 658 1078 ἵνα
671 1013 774 1099 είδέω,
789 1019 825 1079 τί
833 1014 960 1080 ἐθέλων
971 1016 1059 1097 λέγει

56 1113 169 1174 ταῦτα.
214 1114 351 1195 Παρῆγε
377 1107 577 1197 δπολονρὸς
601 1105 661 1175 τδν
682 1116 901 1197 Συλοσῶντα,
935 1109 1058 1176 στάντα

56 1204 92 1270 δὲ
119 1203 152 1282 ές
175 1207 278 1290 μέσον
309 1206 465 1291 είράτεον
491 1211 523 1275 oc
551 1209 723 1292 ἑρμηνέες,
753 1214 802 1284 τίς
827 1201 861 1273 τε
888 1215 937 1292 είη
959 1210 1014 1272 καὶ
1028 1211 1062 1271 τί

55 1299 197 1388 ποιήσας
213 1299 386 1390 εὐεργέτης
400 1307 481 1389 φησί
496 1301 581 1370 εἶναι
591 1300 752 1389 βασιλέος.
772 1301 841 1369 εἷπε
854 1295 902 1369 άν
914 1301 932 1369 6
945 1312 1057 1370 Συλο-

55 1404 127 1465 σῶν
141 1396 251 1466 πάντα
265 1397 306 1469 τά
320 1405 395 1486 περὶ
409 1399 471 1489 τὴν
484 1405 623 1487 χλανίδα
638 1400 814 1487 γενόμενα,
829 1405 884 1471 καλ
902 1400 946 1481 ὡς
958 1398 1058 1478 αὐτὸς

56 1507 107 1582 είη
129 1496 287 1577 εἀεἴνοςὸ
306 1501 395 1578 δούς.
424 1497 593 1588 ἀμείβεται
609 1497 693 1585 πρὸς
709 1506 813 1567 ταῦτα
826 1510 986 1586 Δαρεῖος·
1017 1492 1057 1564 Ὦ

54 1595 270 1681 γενναιότατ’
286 1595 438 1685 ἀνδρῶν,
467 1596 509 1665 σύ
529 1600 654 1676 έκελνος
675 1596 719 1684 εί,
748 1594 784 1676 ὃς
805 1600 877 1684 έμολ
898 1595 1057 1682 οὐδεμίαν

56 1698 167 1777 ἔχοντί
180 1721 228 1761 νω
247 1696 393 1816 δύναμιν
410 1701 551 1780 ἔδωκας,
568 1702 597 1765 εί
610 1699 665 1764 καὶ
679 1697 818 1783 σμικρά,
834 1693 908 1763 ἀλλ’
927 1688 976 1765 οἶν
999 1703 1055 1779 ίση

56 1820 94 1880 γε
114 1791 245 1913 ηχάρις
266 1792 388 1881 ὁμοίως
435 1794 478 1874 ὡς
503 1802 573 1864 εί
553 1803 618 1862 νῦν
633 1799 739 1864 κοθέν
759 1822 791 1862 τι
812 1797 895 1880 μέγα
910 1795 1054 1880 λάβοιμι

58 1887 131 1959 ἀντ’
162 1918 211 1957 ων
228 1918 278 1960 τοι
292 1914 418 1980 χρυσον
444 1896 499 1960 καὶ
514 1891 666 1978 άργυρον
686 1890 829 1960 άπλετον
851 1894 986 1975 δίδωμι,
1013 1884 1057 1964 ὡς

56 2015 100 2076 μη
93 1988 190 2054 ’κοτέ
199 2013 249 2055 τοι
263 1989 471 2107 μεταμεληση
482 2002 631 2074 Δαρεῖον
641 1985 701 2056 τὸν
706 1986 912 2064 Ὑστάσπεος
924 1985 961 2052 εὐ
980 2010 1057 2052 ποι-

56 2106 183 2173 ησαντι.
234 2087 333 2171 Λέγει
360 2088 444 2172 πρὸς
468 2094 572 2154 ταῦτα
596 2085 613 2154 6
637 2093 819 2156 Συλοσῶν
866 2083 954 2169 Ἐμοὶ
975 2107 1057 2169 μητε

56 2182 199 2273 γρυσόν,
216 2177 413 2272 άβασιλεῦ,
430 2188 512 2274 μήτε
526 2185 677 2273 άργνρον
695 2189 808 2268 δίδον,
832 2181 905 2251 ἀλλ’
923 2179 1057 2250 ἀνασω-

56 2281 200 2368 σάμενός
231 2308 286 2369 μοι
308 2281 369 2369 τὴν
394 2286 542 2371 πατρίδα
566 2281 703 2369 Σάμον,
733 2278 794 2366 τὴν
808 2286 874 2346 νῦν
888 2277 1056 2363 ἀδελφεοῦ

56 2387 117 2449 τοῦ
134 2381 216 2466 έμού
231 2381 465 2468 Πολυκράτεος
486 2379 720 2458 ἀποθανόντος
742 2377 802 2447 ὑπ’
821 2376 974 2464 Ὀροίτεω
992 2385 1057 2463 ἔχει

56 2483 176 2556 δοῦλος
186 2474 354 2567 ἡμέτερος,
360 2481 487 2566 ταύτην
498 2476 624 2565 μονδός
635 2475 718 2544 άνεν
729 2502 764 2543 τε
772 2476 884 2561 φόνον
895 2478 949 2543 καὶ
961 2478 1057 2554 έξαν-

56 2578 278 2662 δραποδίσιος.
325 2583 437 2643 Ταῦτα
455 2573 600 2653 ἀκούσας
610 2584 754 2658 Δαρεῖος
768 2569 945 2641 ἀπέστελλε
957 2592 1058 2658 στρα-
1075 2599 1120 2651 141

55 2672 129 2758 τιήν
154 2675 265 2739 τεκαὶ
287 2671 472 2759 στρατηγὸν
492 2671 635 2740 Ὀτάνεα
658 2669 794 2758 ἀνδρῶν
814 2677 883 2737 τῶν
898 2669 978 2739 ἑπτά
1000 2697 1059 2756 γε·

55 2769 218 2854 νόμενον,
254 2771 501 2857 ἐντειλάμενος,
538 2770 630 2838 ὅσων
667 2769 790 2855 ἐδεήθη
819 2766 837 2836 6
872 2777 1056 2855 Συλοσῶν,

55 2867 160 2935 ταύτά
177 2871 210 2934 οἱ
230 2868 357 2935 ποιέειν
374 2871 531 2936 ἐπιτελέα.
555 2866 701 2954 καταβάς
723 2867 760 2933 δὲ
777 2868 830 2932 έπλ
851 2864 913 2950 την
927 2865 1058 2933 θάλασ-

55 2989 120 3034 σαν
140 2964 158 3033 6
176 2962 313 3052 Ὀτάνης
335 2972 463 3036 ἔστελλε
486 2967 548 3053 τὴν
571 2965 738 3055 στρατιήν.
787 2972 853 3050 Τῆς
874 2966 909 3033 δὲ
938 2965 1058 3049 Σάμον
1074 2986 1124 3038 142

54 3063 270 3157 Μαιάνδριος
285 3062 303 3132 6
320 3072 537 3152 Μαιανδρίου
556 3065 619 3152 εἶχε
633 3063 669 3132 τό
685 3064 823 3151 κράτος,
841 3065 1057 3151 ἐπιτροπαίην

53 3159 145 3248 παρά
160 3163 396 3247 Πολυκράτεος
420 3161 534 3251 λαβάν
558 3161 619 3250 τὴν
644 3159 766 3250 ἀρχήν·
793 3166 839 3251 τῷ
861 3160 1057 3248 δικαιοτάτῳ
1108 3164 1111 3173 “

53 3261 192 3347 ἀνδρῶν
206 3264 402 3352 βουλομένῳ
417 3266 576 3348 γενέσθαι
589 3256 842 3344 οὐκέξεγένετο.
868 3255 979 3344 ἐπειδη
992 3259 1056 3344 γάρ

54 3365 90 3429 oc
112 3361 295 3448 ἐξηγγέλθη
319 3358 336 3430 6
355 3362 590 3446 Πολυκράτεος
611 3357 777 3444 θάνατος,
800 3361 907 3426 ἐποίεε
928 3359 1056 3425 τοιάδε·
