2354 3840
182 246 186 253 ·
296 223 379 278 ιιο.
412 223 444 281 11.
479 224 578 284 οΛΡ.
616 234 805 302 ιει,ι-ι.
993 224 1051 291 177

42 380 148 464 ιένην
166 377 390 464 προστάσσειν
404 375 513 468 αύτῷ,
536 377 619 472 ὄτεφ
633 383 745 473 τρόπφ
767 383 924 471 δύναται,
946 413 1052 474 μηχα-

42 484 171 544 νᾶσθαι
185 473 273 555 ὅκως
285 474 322 544 τό
344 483 439 563 σῶμα
454 484 515 547 τοῦ
530 476 698 566 ἀδελφεοῦ
720 483 909 564 καταλύσας
925 500 1050 572 κομιεῖ·

42 585 66 648 εί
87 580 129 648 δέ
151 577 283 646 τούτων
303 575 477 666 ἀμελήσει,
497 584 697 650 διαπειλέειν
712 579 819 669 αύτήυ
841 581 885 663 ὡς
902 588 1051 654 ἐλθοῦσα

42 674 125 765 τρὸς
144 674 206 745 τόν
226 680 363 764 βασιλέα
387 678 531 765 μηνύσει
557 675 662 746 αύτόν
684 684 801 764 έχοντα
826 678 867 748 τά
889 683 1048 774 χρήματα.

42 780 90 853 [λς
108 777 147 841 δὲ
159 781 309 860 χαλεπῶς
324 775 527 864 ἐλαμβάνετο
538 773 558 863 ή
571 776 679 864 μήτηρ
689 784 751 845 τοῦ
763 781 956 866 περιεόντος
970 785 1081 849 παι-δ

42 870 95 951 λός
113 874 171 940 καὶ
185 871 300 941 πολλά
307 870 391 960 πρός
406 871 512 960 αὐτήν
529 878 637 960 λέγων
654 873 718 942 οὐκ
732 881 862 964 ἔπειθε,
878 881 1040 967 έπιτεχνή·

42 983 166 1040 ιασθαι
177 972 288 1039 τοιάδε
299 998 373 1060 μιν·
396 970 497 1052 ὅνους
510 974 848 1062 κατασκευασάμενον
858 981 913 1046 καί
924 977 1049 1058 ἀσκούς

42 1069 212 1157 ιλήσαντα
237 1079 334 1138 οίνου
355 1072 523 1139 ἐπιθεῖναι
546 1074 599 1139 έπλ
620 1080 688 1140 τῶν
709 1071 818 1162 ὄνων,
846 1079 900 1144 καὶ
920 1078 1062 1146 ἔπειτεν

42 1166 196 1238 ’λαύνειν
213 1165 353 1248 αύτούς·
377 1166 422 1248 ὡς
437 1169 473 1236 δέ
488 1168 571 1237 κατὰ
586 1167 665 1249 τούς
679 1172 913 1257 φυλάσσοντας
926 1169 970 1263 ἦν
986 1174 1047 1242 τόν

42 1263 250 1352 ιρεμάμενου
264 1269 384 1353 νέκυν,
402 1269 631 1336 ἐπισπάσαντα
645 1274 714 1335 τῶν
729 1265 842 1337 ἀσκῶν
854 1272 915 1340 δύο
926 1271 948 1360 ή
960 1289 1047 1361 τρεῖς

42 1367 211 1440 ιοδεῶνας
222 1360 327 1430 αὐτόν
339 1364 436 1433 λύειν
447 1363 679 1453 ἀπαμμένους·
703 1363 747 1444 ὡς
761 1369 798 1435 δέ
809 1374 902 1457 ἔρρεε
913 1370 931 1439 ὁ
944 1370 1045 1459 οίυος,

42 1461 97 1550 τήν
126 1460 278 1549 κεφαλήν
303 1489 362 1548 μιν
390 1463 575 1532 κόπτεσθαι
602 1464 730 1550 μεγάλα
743 1461 895 1551 ’βοεῦντα
914 1463 958 1546 ὦς
983 1467 1045 1537 οὐκ

42 1566 155 1648 ἔχοντα
175 1557 259 1646 πρὸς
279 1557 394 1629 ὁκοῖον
410 1569 479 1629 τῶν
501 1561 592 1629 ὄνων
615 1568 750 1646 πρῶτον
766 1563 944 1651 τράπηται·
966 1566 1046 1646 τούς

42 1661 69 1730 δὲ
87 1657 281 1746 φυλάκους,
305 1657 349 1740 ὡς
366 1665 451 1730 ίδεῑυ
472 1659 599 1730 πολλόν
614 1664 733 1749 ῥέοντα
751 1660 811 1730 τόν
828 1662 939 1753 οίνον,
961 1687 1045 1734 συν-

42 1767 165 1855 τρέχειν
187 1766 220 1841 ές
233 1760 296 1850 τήν
317 1761 401 1833 ὁδόν
414 1763 536 1852 ἀγγήια
553 1771 702 1851 ἔχοντας,
726 1761 853 1831 καὶτὸν
868 1767 1045 1851 έκκεχυμέ-

42 1891 97 1933 νον
118 1861 213 1930 οίυον
238 1870 450 1950 συγκομίζειν
467 1867 504 1933 έν
531 1865 644 1949 κέρδει·
667 1865 895 1951 ποιευμένους.
928 1862 989 1932 τὸν
1007 1866 1044 1932 δὲ

42 1964 325 2048 διαλοιδορέεσθαι
340 1969 422 2031 πᾶσι
434 1961 542 2050 όργήυ
556 1961 865 2049 προσποιεύμενον·
887 1985 1044 2050 παραμυ-

42 2062 214 2147 θευμέυων
239 2061 276 2128 δέ
300 2057 405 2128 αὐτόν
424 2068 493 2128 τῶν
515 2060 680 2148 φυλάκων
699 2059 810 2152 χρόνῳ
830 2062 1044 2147 πρηΰνεσθαι

42 2163 296 2248 προσποιέεσθαι
312 2162 367 2227 καί
382 2157 543 2228 ὑπίεσθαι
561 2166 618 2245 τῆς
632 2156 750 2245 ὀργῆς,
773 2163 865 2237 τέλος
880 2158 917 2227 δέ
932 2157 1044 2238 ἐξελά-

42 2278 91 2328 σαι
101 2254 206 2326 αύτόν
218 2255 297 2336 τούς
310 2256 413 2337 όνους
423 2260 460 2326 έκ
471 2263 530 2343 τῆς
541 2254 624 2324 ὁδοῦ
639 2259 694 2325 καὶ
706 2257 972 2337 κατασκευάζειν.
1000 2252 1044 2333 ὡς

42 2358 74 2427 δέ
93 2357 216 2444 λόγους
240 2383 275 2424 τε
298 2360 419 2435 πλέους
445 2358 640 2442 ἐγγίνεσθαι
660 2361 720 2423 καί
740 2381 815 2422 τινα
836 2355 892 2420 καὶ
912 2357 1046 2432 σκῶηαί

42 2481 93 2540 μιν
106 2457 161 2521 καί
176 2456 209 2532 ές
220 2453 347 2539 γέλωτα
363 2456 633 2541 προαγαγέσθαι,
650 2454 824 2518 ἐπιδοῦναι
835 2447 963 2518 αὐτοῖσι
975 2455 1043 2517 τῶν

42 2549 146 2622 ἀσκῶν
168 2555 242 2620 ἕνα·
266 2551 345 2630 τούς
367 2554 403 2620 δὲ
420 2550 524 2619 αὐτοῦ
541 2549 652 2636 ὥσπερ
675 2548 763 2635 είχον
784 2549 1045 2624 κατακλιθέντας

43 2657 143 2718 πίνειν
158 2649 390 2735 διανοέεσθαι,
412 2651 468 2717 καὶ
482 2651 613 2716 ἐκείνου
626 2647 902 2735 παραλαμβάνειν
916 2648 972 2714 καὶ
986 2673 1044 2714 κε-

43 2747 144 2815 λεύειν
164 2744 235 2833 μετ’
260 2749 395 2814 ἑωυτῶν
418 2753 579 2833 μείναντα
601 2751 797 2831 συμπίνειν·
829 2741 890 2811 τὸν
911 2745 947 2812 δέ
968 2770 1043 2813 πει-

42 2850 160 2930 σθῆναί
170 2870 206 2910 τε
224 2840 264 2930 δή
279 2847 333 2912 καὶ
348 2854 551 2931 καταμεῖναι.
577 2840 621 2922 ὡς
637 2845 676 2910 δέ
686 2869 744 2929 μιν
759 2841 850 2927 παρά
865 2841 927 2928 τήν
941 2843 1042 2912 πόσιν

42 2944 250 3030 φιλοφρόνως
275 2940 479 3030 ἠσπάζοντο,
506 2944 682 3010 ἐπιδοῦναι
708 2939 837 3007 αύτοίσι
863 2943 919 3007 καὶ
939 2938 1042 3008 ἀλλον

42 3049 100 3111 τόν
113 3043 243 3112 ἀσκεῖν·
267 3047 400 3124 δαψιλέι·
413 3043 449 3111 δέ
466 3049 511 3133 τῷ
526 3049 617 3131 ποτῷ
631 3042 860 3126 χρησαμένους
877 3035 956 3117 τούς
973 3063 1042 3125 φυ-

42 3143 156 3222 λάκους
180 3141 502 3229 ὑπερμεθυσθῆναι,
540 3143 595 3208 καὶ
626 3140 852 3226 κρατηθέντας
884 3133 949 3204 ὑπό
980 3143 1041 3204 τοῦ

42 3229 143 3309 ἶπυου
159 3237 265 3308 αὐτοῦ
287 3244 435 3327 ἔνθαπερ
459 3244 577 3306 ἔπινον
588 3241 895 3322 κατακοιμηθῆναι·
919 3231 979 3301 τὸν
994 3235 1041 3320 δέ,
1088 3310 1090 3314 ,

42 3327 78 3417 ὃς
97 3338 212 3427 πρόσω
234 3328 278 3423 ήν
299 3345 356 3424 τῆς
380 3333 518 3421 νυκτός,
550 3336 589 3404 τό
614 3361 650 3404 τε
671 3341 766 3421 σῶμα
789 3340 849 3401 τοῦ
874 3328 1042 3418 ἀδελφεοῦ

42 3443 213 3505 ιαταλῦσαι
227 3437 283 3503 καί
303 3443 370 3503 τῶν
388 3435 553 3521 φυλάκων
570 3438 623 3504 ἐπὶ
644 3434 733 3523 λύμη
750 3433 887 3503 πάντων
901 3436 1046 3519 ξυρῆσαι,

113 3549 212 3587 ιιειιοιι.
230 3532 251 3586 Ι.
867 3533 903 3584 12
