2354 3840
311 181 395 241 τιν.
429 182 471 237 111.
508 180 604 237 σοι).
637 182 794 241 97—102.
992 173 1054 240 205

36 343 204 418 Παδαῖοι.
220 344 389 424 νομαίοισι
401 336 437 405 δέ
448 341 605 404 τοιοισίδε
618 342 769 422 λέγονται
779 345 940 426 χρᾶσθαι·
963 335 999 416 ὃς
1011 331 1055 405 ἀν

48 437 141 524 κύμη
156 443 225 503 τῶν
236 432 363 522 ἀστῶν,
376 434 419 522 ἥν
434 461 468 502 τε
483 433 569 524 ἀνὴρ
581 433 625 523 ἥν
635 461 670 503 τε
683 434 783 523 γυνὴ,
796 434 856 504 τόν
870 437 931 522 μὲν
946 433 1054 522 ἀνδρα

49 533 173 622 ἀνδρες
188 537 222 601 οί
233 532 376 620 μάλιστά
388 537 423 600 oc
431 530 620 618 ὁμιλέοντες
631 540 815 620 κτείνουσι,
831 534 976 620 φάμενοι
991 531 1055 600 αύ-

11 650 14 655 “
52 631 112 702 τόν
129 633 318 719 τηκόμενον
333 638 372 719 τῇ
387 630 500 720 νούσω
515 627 554 697 τά
571 633 651 716 κρέα
669 639 763 717 σφίσι
778 637 1054 719 διαφθείρεσθαι·

10 728 15 735 ’
51 728 70 801 ὁ
86 731 123 799 δέ
139 727 289 815 ἀπαρνός
301 731 368 796 ἐστι
376 726 421 815 μη
428 728 667 815 μὲννουσέειν·
680 734 714 797 oc
723 731 759 798 δὲ
771 729 812 799 ού
824 729 1056 818 συγγινωσκό-

10 857 17 901 ,·
52 853 149 914 μενοι
164 824 420 904 ἀποκτείναντες
437 828 706 911 κατευωχέονται.
735 823 779 914 ἦν
794 828 829 896 δὲ
849 827 936 916 γυνη
954 828 1055 916 κύμη,

11 968 18 975 -
53 926 212 1006 ὡσαύτως
226 932 263 995 αί
280 925 512 1014 έπιχρεόμεναι
526 924 669 1010 μάλιστα
683 943 840 1012 γυναῖκες
851 926 955 996 ταύτά
970 942 1056 996 τοῖσι

10 1028 14 1071 3
37 1023 196 1110 »ἀνδράσι
212 1030 352 1092 ποιεῦσι.
381 1018 443 1089 τόν
456 1019 521 1107 γάρ
538 1019 578 1108 δὴ
596 1024 629 1100 ές
648 1031 752 1110 γῆρας
766 1022 973 1112 ἀπικόμενον
988 1024 1057 1091 δύ-

10 1120 21 1175 ·ἶ
53 1146 171 1201 σαντες
191 1123 460 1206 κατευωχέονται.
496 1121 530 1197 ές
551 1120 587 1186 δὲ
607 1122 731 1188 τούτου
751 1122 855 1207 λόγον
876 1121 918 1190 ού
940 1128 1060 1190 πολλοί

10 1224 15 1295 J
52 1251 142 1302 τινες
157 1219 269 1290 αύτῶν
277 1214 503 1285 ἀπικνέονται·
519 1213 585 1304 πρό
600 1215 666 1305 γάρ
678 1213 802 1285 τούτου
815 1216 874 1286 τόν
889 1221 922 1296 ἐς
932 1228 1057 1288 νοῦσον

10 1330 18 1405 ῗ
52 1328 216 1390 πίπτοντα
231 1317 340 1384 πάντα
358 1321 536 1385 κτείνουσι.
575 1312 719 1399 Ἑτέραν
737 1319 776 1382 δέ
789 1320 856 1384 ἐστι
868 1315 982 1386 Ἰνδῶν
1002 1315 1060 1383 ὅδε
1079 1338 1125 1390 ιοο

10 1408 17 1487 ζ’.
53 1418 154 1508 ἀλλος
168 1418 308 1505 τρόπος·
330 1412 408 1483 ούτε
429 1419 598 1480 κτείνουσι
619 1411 720 1481 οὐδὲν
740 1421 906 1501 ἔμψυχον,
930 1416 1006 1484 οὔτε
1027 1443 1059 1484 τι

53 1520 245 1602 σπείρουσι,
269 1511 346 1579 οὔτε
365 1516 471 1588 οίκίας
485 1515 657 1596 νομίξουσι
669 1517 859 1597 κεκτῆσθαι,
872 1519 1059 1601 ποιηφαγέ-
1145 1596 1149 1606 ⁵

53 1632 129 1681 ονσι
148 1613 202 1697 δὲ,
224 1613 279 1678 καὶ
296 1605 428 1676 αύτοῑσί
446 1609 514 1674 ἐστι
538 1604 621 1674 όσον
642 1612 778 1695 κέγχρος
798 1609 835 1678 τὸ
858 1615 1006 1698 μέγαθος
1021 1614 1059 1678 έν

53 1710 194 1794 κάλυκι,
224 1705 412 1794 αὐτόματον
438 1708 474 1774 ἐκ
498 1713 557 1791 τῆς
576 1713 638 1792 γῆς
659 1709 857 1796 γινόμενον,
879 1708 916 1777 τό
939 1712 1059 1778 συλλέ-

53 1831 170 1895 γοντες
183 1802 267 1894 αὐτῇ
283 1804 404 1872 κάλυκι
416 1807 539 1886 ἕψουσί
546 1831 581 1872 τε
596 1807 651 1872 καὶ
668 1809 840 1873 σιτέονται.
865 1806 901 1885 ὃς
919 1808 949 1874 δ’
968 1804 1011 1874 ἀν
1026 1810 1059 1886 ές

53 1911 182 1973 νοῦσον
193 1900 304 1970 αὐτῶν
318 1907 418 1990 πέση,
432 1899 545 1971 έλδιδν
557 1901 662 1988 ἐςτην
676 1907 799 1989 ἐρῆμον
810 1906 934 1971 κέεται·
951 1930 1059 1990 φρου-

52 2009 132 2085 τίζει
146 2001 183 2069 δὲ
195 1998 304 2080 οὐδεὶς
315 1998 387 2068 οὔτ’
403 1997 639 2077 ἀποθανόντος
650 1999 728 2067 οὔτε
739 2001 933 2087 κάμνοντος.
958 2008 1060 2081 Μῐξις
1077 2024 1124 2076 101

54 2104 91 2170 δὲ
110 2099 242 2168 τούτων
261 2107 329 2167 τῶν
347 2097 463 2166 Ἰνδῶν
483 2107 551 2166 τῶν
572 2101 726 2179 κατέλεξα
747 2102 885 2167 πάντων
909 2103 1059 2190 ἐμφανής

54 2204 124 2270 ἐστι
148 2199 296 2287 κατάπερ
324 2205 392 2265 τῶν
414 2198 610 2286 προβάτων,
633 2196 745 2266 καὶτὸ
766 2207 880 2286 χρῶμα
897 2205 1059 2285 φορέουσι

54 2297 174 2383 ὁμοῖον
188 2296 310 2374 πάντες
325 2299 381 2364 καὶ
392 2297 625 2382 παραπλήσιον
636 2303 787 2377 Αἰθίοψι.
810 2295 830 2383 ἡ
845 2297 928 2383 μονὴ
945 2298 981 2365 δὲ
996 2296 1059 2364 αύ-

53 2404 139 2480 τῶν,
161 2391 224 2480 τὴν
246 2392 398 2462 ἀπίενται
417 2398 450 2473 ές
472 2392 530 2472 τάς
545 2408 723 2481 γυναῖκας,
745 2391 787 2462 ού
825 2397 974 2482 κατάπερ
990 2402 1059 2464 τῶν

54 2496 168 2565 ἀλλων
183 2491 379 2581 ἀνθρώπων
393 2495 460 2562 ἐστὶ
475 2491 595 2579 λευκὴ,
620 2491 703 2562 ἀλλά
719 2497 875 2581 μέλαινα,
909 2495 1058 2583 κατάπερ

54 2592 92 2661 τό
114 2598 244 2678 χρῶμα·
266 2592 424 2677 τοιαύτην
446 2593 482 2659 δὲ
507 2592 562 2658 καὶ
582 2596 745 2668 Αἰθίοπες
765 2589 917 2659 ἀπίενται
936 2591 1057 2680 θορήν.

55 2684 150 2760 οὗτοι
172 2688 234 2774 μὲν
254 2694 322 2755 τῶν
333 2686 448 2756 Ἰνδῶν
470 2691 634 2772 ἑκαστέρω
650 2695 717 2755 τῶν
733 2693 892 2773 Περσέων
913 2695 1059 2759 οἰκέουσι

54 2784 211 2872 καὶπρὸς
230 2786 334 2853 νότου
351 2785 494 2872 ἀνέμου,
518 2788 572 2854 καὶ
586 2794 736 2873 Δαρείου
756 2791 909 2875 βασιλέος
929 2786 1058 2873 οὐδαμά

56 2885 265 2972 ὑπήκουσαν.
302 2883 417 2954 ’Ἁλλοι
433 2888 469 2953 δὲ
490 2892 558 2953 τῶν
570 2883 686 2954 Ἰνδῶν
703 2887 915 2976 Κασπατύρῳ
930 2912 966 2954 τε
983 2888 1061 2955 πόλι
1077 2903 1127 2957 1οἸ

53 2985 112 3054 καὶ
126 2991 166 3074 τῇ
180 2991 353 3072 Πακτυϊκῇ
369 2985 461 3072 χάρη
485 2986 546 3051 εἰσὶ
561 2985 764 3069 πρόσουροι,
786 2981 869 3070 πρὸς
887 2981 1011 3066 ἀρκτου
1025 3007 1060 3048 τε

55 3086 112 3156 καὶ
140 3081 247 3169 βορέω
276 3079 402 3168 ἀνέμου
420 3087 654 3168 κατοικημένοι
668 3089 737 3148 τῶν
751 3078 863 3149 ἀλλων
880 3079 1010 3165 Ἰνδῶν,
1029 3084 1064 3147 οἳ

54 3188 248 3268 Βακτρίοισι
262 3185 497 3265 παραπλησίην
508 3186 620 3266 έχουσι
632 3182 778 3245 δίαιταν·
794 3170 887 3245 οὗτοι
898 3181 952 3246 καὶ
963 3204 1061 3265 μαχι·

55 3283 205 3373 μῶτατοί
217 3287 279 3349 είσι
290 3278 422 3367 Ἰνδῶν,
444 3283 548 3348 καλοί
563 3281 616 3348 ἐπὶ
629 3276 831 3364 τόνχρυσόν
848 3274 1063 3364 στελλόμενοί

56 3387 121 3449 είσι
136 3369 246 3446 οὗτοι·
269 3376 353 3446 κατά
368 3376 432 3465 γάρ
448 3385 547 3446 τοῦτο
562 3378 628 3445 ἐστὶ
640 3379 757 3463 ἐρημίη
770 3372 823 3443 διά
836 3373 898 3462 τὴν
912 3376 1059 3462 ψάμμον.

965 3532 1116 3616 Α
