2354 3840
321 212 725 275 Llss.1.cA1‘·.‘-02
739 217 801 274 707
1000 208 1061 269 109

55 381 176 496 νόντος
189 371 276 462 γυνὴ
298 381 366 443 τῶν
381 372 630 492 Μασσαγετέων
652 376 820 457 βασίλεια
859 369 1005 489 Τόμυρίς
1029 370 1063 435 οί

54 468 98 562 ἡν
112 471 253 560 ούνομκ.
285 471 420 558 ταύτην
430 470 571 556 πέμπων
583 463 603 536 ὁ
617 473 732 552 Κῦρος
752 469 873 552 ἐμνᾶτο
894 473 940 558 τῷ
960 464 1061 556 λόγῳ,

57 574 80 660 ἡ
109 575 148 643 δέ
175 573 337 662 Τόμυρις,
368 587 531 642 συνιεῖσα
561 570 625 641 οάιι
654 570 761 658 αύτὴν
789 600 847 661 μιν
876 533 1060 661 μύέομενον

56 672 144 743 ἄλλά
161 672 226 761 τὴν
238 672 489 760 Μασσαγετέων
500 679 687 760 βασιληίην,
705 669 916 743 ἀπείπατο
878 699 940 760 την
952 671 1059 759 πρόσ-

57 779 149 844 οδον.
193 775 307 862 Κύρος
325 771 364 842 δέ
380 771 462 860 μετά
478 777 594 860 τοῦτο,
619 771 664 853 639
687 777 722 842 οί
742 771 831 864 δόλφ
848 770 888 840 ού
908 769 1057 862 προεχύ-

58 900 130 961 ρεε,
157 871 278 952 ἐλάσας
296 873 351 940 ἐπὶ
367 870 427 941 τόν
440 869 581 961 Ἀράξην
599 873 740 942 ἐποιέετο
765 875 802 941 έκ
818 877 879 940 τοῦ
897 874 1060 960 ἐμφανέος

57 974 112 1042 ἐπὶ
130 971 211 1052 τούς
220 974 444 1057 Μασσαγέτας
463 977 654 1060 στρατηίην,
671 971 822 1061 γεφύρας
840 998 875 1040 τε
888 972 1059 1058 ζευγνύων

59 1073 116 1142 ἐπὶ
138 1077 201 1140 τοῦ
223 1077 375 1159 ποταμοῦ
400 1070 554 1158 διάβασιν
578 1077 624 1164 τῷ
648 1077 795 1164 στρατῷ,
826 1071 883 1139 καλ
905 1071 1058 1160 πύργους

59 1173 116 1241 ἐπὶ
133 1179 262 1241 πλοίων
278 1177 345 1240 τῶν
364 1170 683 1259 διαπορθμευόντων
707 1168 770 1240 τόν
792 1170 943 1260 ποταμόν
966 1178 1058 1240 οίκο-

61 1271 272 1359 δομεόμενος.
303 1269 434 1358 Ἐχοντι
458 1273 500 1340 δέ
512 1275 548 1340 σί
561 1277 682 1340 τούτου
703 1269 763 1338 τόν
781 1269 886 1338 πόνον
902 1273 1060 1359 πέμψασα

58 1360 80 1458 ἡ
106 1371 250 1461 Τόμυρις
276 1369 405 1460 κη’ρυκα
435 1377 526 1457 ἔλεγε
551 1367 646 1438 τάδε·
684 1363 725 1439 Ὦ
752 1374 892 1457 βασιλεύ
915 1370 1058 1457 Μήδων,

58 1477 186 1543 παύσαι
209 1469 366 1540 σπεύδων
388 1469 429 1538 τά
448 1469 618 1551 σπεύδεις·
656 1469 697 1539 06
721 1469 787 1561 γάρ
804 1466 848 1538 άν
866 1475 1006 1558 εἰδείης,
1031 1480 1065 1538 ελ

58 1597 108 1640 τοι
139 1573 171 1651 ές
187 1569 304 1660 καιρδν
327 1575 418 1639 ἔσται
439 1576 544 1639 ταῦτα
566 1570 758 1659 τελεόμενα·
788 1569 1001 1658 παυσάμενος
1023 1570 1062 1639 δὲ

58 1677 218 1758 βασίλευε
232 1676 301 1740 τῶν
320 1673 479 1758 σεωυτοῦ,
499 1673 557 1740 καλ
573 1664 676 1759 ἡμέας
689 1667 805 1758 άνέχεο
818 1668 925 1759 ὁρέων
937 1669 1060 1760 άρχου-

60 1797 121 1850 τας
146 1774 279 1859 τάνπερ
302 1768 459 1858 ἄρχομεν.
509 1768 572 1839 ούκ
599 1762 647 1839 όν
674 1771 842 1856 ἐθελήσεις
867 1764 1061 1858 ὑποθήκῃσι

62 1874 180 1960 τησίδε
193 1874 350 1959 χρᾶσθαι,
364 1866 449 1939 άλλά
463 1870 570 1940 πάντα
582 1876 709 1959 μᾶλλον
721 1867 743 1958 ἡ
756 1867 801 1938 δι’
810 1864 951 1958 ἡσυχίης
965 1866 1061 1954 εἶναι,

61 1968 105 2039 σά
132 1969 170 2055 δὲ
194 1976 228 2038 εί
249 1969 399 2056 μεγάλως
421 1970 608 2058 προθυμέαι
625 1970 875 2056 Μασσαγετέων
899 1973 1062 2058 πειρηθῆ-

57 2083 129 2149 ναι,
155 2063 256 2150 φέρε,
281 2063 413 2150 μόχθον
433 2067 512 2152 μὲν,
537 2062 597 2134 τδν
617 2069 700 2150 ἐχεις
717 2062 856 2150 ζενγνδς
876 2064 937 2137 τόν
957 2094 1060 2137 ποτα-

55 2158 138 2248 μδν,
154 2157 252 2246 άπες,
269 2158 313 2229 σύ
326 2163 364 2230 δέ
376 2157 491 2249 ἡμέων
504 2160 794 2248 ἀναχωρησάντων
804 2159 870 2231 άπδ
884 2173 946 2233 τοῦ
956 2191 1060 2234 ποτα-

55 2266 123 2347 μοῦ
137 2264 242 2343 τριῶν
260 2256 412 2347 ἡμερέων
427 2256 511 2329 ὁδόν
531 2259 684 2347 διάβαινε
701 2261 734 2337 ἐς
754 2256 817 2346 τὴν
832 2256 1004 2351 ἡμετέρην.
1033 2268 1063 2330 ελ

55 2353 88 2425 δ’
103 2352 208 2445 ἡμέας
226 2355 364 2441 βούλεαι
382 2359 578 2438 ἐσδέξασθαι
599 2364 728 2443 μᾶλλον
748 2359 781 2435 ἐς
802 2355 863 2444 τὴν
887 2359 1060 2449 ὑμετέρην,

55 2454 100 2525 σά
126 2451 235 2525 τιάυτδ
259 2463 358 2525 τοῦτο
383 2464 485 2526 ποίεε.
533 2463 646 2525 Ταῦτα
670 2459 706 2523 δὲ
732 2453 878 2536 ἀκούσας
903 2457 921 2527 ὁ
948 2467 1061 2542 Κῦρος

54 2553 259 2624 συνεκάλεσε
267 2558 428 2642 Περσέων
441 2553 520 2634 τοδς
532 2552 702 2642 πρότους,
718 2560 917 2641 συναγείρας
931 2556 967 2625 δέ
980 2556 1061 2624 τού-

55 2680 135 2732 τους
148 2655 182 2731 ές
195 2655 299 2740 μέσον
316 2674 377 2741 σφι
399 2661 574 2743 προετίθεε
593 2651 630 2720 τό
653 2658 803 2738 πρῆγμα,
829 2653 1060 2741 συμβουλευό-

55 2750 319 2842 μενος-ὁκότερα
344 2757 450 2843 ποιέη.
483 2761 551 2821 τῶν
574 2753 611 2821 δέ
635 2749 718 2820 κατά
741 2749 848 2821 τάυτδ
873 2749 910 2821 αί
931 2761 1061 2840 γνῶμαι

54 2857 298 2935 συνεξέπιπτον
320 2852 530 2923 κελευόντων
552 2855 747 2922 ἐσδέκεσθαι
771 2850 921 2937 Τόμυρίν
945 2877 979 2919 τε
1005 2855 1060 2920 καὶ

58 2952 117 3023 τόν
133 2949 278 3037 στρατόν
292 2950 394 3073 αύτης
409 2950 491 3031 ἐς
454 2977 519 3038 την
531 2950 653 3038 χύρην.
696 2946 841 3032 Παρεάυ
858 2949 893 3014 δέ
907 2952 962 3016 καὶ
975 2976 1060 3036 μεμ-
1076 2969 1126 3022 207

57 3053 206 3142 φάμενος
221 3049 284 3138 τὴν
304 3051 443 3145 γνόμην
466 3052 592 3138 ταύτην
607 3045 781 3136 Κροτσος”
765 3073 785 3116 ο
800 3044 911 3127 Λυδός
926 3046 1061 3119 άπεδεί-

55 3177 159 3220 κνντο
174 3151 330 3237 ἐναντίην
343 3177 384 3240 τη
369 3151 600 3236 προκειμένη
613 3145 746 3234 γνωμη,
760 3146 868 3230 λέγων
884 3140 1060 3214 τάδε’ίλ

55 3253 212 3336 βασιλεῦ,
239 3245 334 3317 εἶπον
349 3249 412 3334 μὲν
425 3251 481 3315 καί
495 3243 662 3332 πρότερόν
675 3269 741 3328 τοι,
769 3241 817 3310 ότι
834 3246 907 3314 ἐπεί
918 3270 958 3330 με
973 3241 1058 3319 Ζεύς

56 3347 163 3418 ἔδωκέ
179 3370 248 3430 τοι,
266 3340 304 3411 τό
324 3340 367 3411 ἂν
381 3341 465 3432 ὁρέω
485 3344 659 3431 σφάλμα’
642 3343 699 3413 εδν
720 3353 801 3433 οίκφ
821 3369 866 3434 ιφ
887 3351 950 3434 σῷ,
976 3340 1059 3411 κατά

55 3447 203 3531 δύναμιν
226 3439 436 3527 άποτρέψειν.
462 3441 503 3510 τά
520 3445 560 3510 δέ
577 3469 634 3527 μοι
655 3441 835 3528 παθήματα
857 3438 954 3508 ἐόντα
978 3436 1059 3523 άχά-

1034 3578 1108 3620 .-
