2354 3840
341 189 489 247 LlB.11.
523 191 622 248 cAP
654 199 739 253 67-
752 199 794 254 τι.
1009 193 1069 257 151

62 349 234 432 δαγμένον
262 345 346 415 εἶναι
372 348 569 435 χειροήθεα,
602 349 774 438 ἀρτήματά
793 379 829 421 τε
849 361 966 424 λίθινα
986 356 1070 443 χυτοὶ

62 446 119 511 καί
139 441 266 529 χρύσεα
286 442 370 523 ές
333 471 374 513 τα
396 439 464 512 εἶτα
484 449 639 528 ένδέντες
655 452 710 517 καί
725 448 888 537 ἀμφιδέας
902 457 978 541 περὶ
991 452 1071 533 τούς

63 546 252 624 προσθίους
262 542 377 629 πόδας,
393 546 449 612 καλ
463 542 580 614 σιτία’
562 547 729 614 αποτακτδι
742 549 891 630 διδόντες
901 555 956 620 καί
967 553 1068 640 ίρήια,

63 641 118 706 καί
132 639 384 723 περιέποντες*
363 667 407 719 ως
421 643 580 712 κάλλιστα
595 645 754 725 ζάοντας·
781 645 1017 730 ἀποθανόντας
1033 653 1069 720 δέ

63 735 295 822 ταριχεύοντες
309 738 479 808 θάπτουσι
491 743 528 808 έν
541 746 631 829 ίρήσι
640 743 833 832 θήκησιο
843 748 965 836 δὲπερί
981 747 1065 817 Ἐλε-

63 840 232 956 ραντίνην
254 835 355 905 πόλιν
380 842 555 917 οίκέοντες
571 842 627 907 καί
651 843 804 909 ἐσθίουσι
829 841 969 931 αύτούς,
1006 843 1068 913 οὐκ

62 931 243 1020 ἡγεόμενοι
266 932 362 1020 ίρούς
388 933 480 1002 εἶναι.
517 939 692 1005 καλέονται
719 939 755 1006 δὲ
782 937 824 1006 ού
848 942 1067 1029 κροκόδειλοι,

61 1028 149 1100 ἀλλά
161 1030 298 1118 χάμψαι.
325 1038 560 1119 κροκοδείλους
574 1033 638 1103 W
631 1044 735 1115 Ιανες
750 1034 961 1127 ούνόμασαν,
978 1041 1066 1109 είκά-

62 1137 175 1211 ζοντες
201 1125 313 1197 αύτων
336 1125 377 1195 τά
405 1133 494 1197 είδεα
517 1144 603 1199 τοῖσι
627 1131 717 1220 παρά
743 1141 836 1220 σφίσι
862 1140 1069 1223 γινομένοισι

59 1229 326 1312 κοροκοδείλοισι
338 1238 424 1294 τοῖσι
436 1230 473 1295 ἐν
482 1235 557 1316 τήσι
568 1232 748 1351 αίμασιήσι
772 1229 891 1320 Αγραι
903 1237 943 1300 δέ
950 1256 1064 1321 σφεων
1081 1247 1117 1303 70

59 1328 185 1394 πολλαί
198 1327 389 1394 κατεστέασι
403 1330 458 1395 καί
477 1343 649 1396 παντοῖαι·
676 1327 698 1415 ἡ
693 1322 795 1397 ’δ’
767 1357 816 1398 ων
833 1337 945 1418 ἔμοιγε
960 1335 1068 1400 δοκέει

60 1421 227 1510 ἀξιωτάτη
249 1421 432 1513 ἀπηγήσιος
457 1423 559 1510 είναι,
581 1426 707 1512 ταύτην
723 1426 852 1514 γράφω.
884 1425 987 1496 έπεάν
1000 1435 1069 1494 1103-

59 1546 122 1588 τον
144 1518 205 1600 δός
220 1522 362 1610 δελεάση
381 1526 458 1609 περὶ
478 1521 675 1612 ἄγκιστρον,
697 1531 800 1612 μετίει
824 1529 856 1604 ές
882 1529 989 1612 μέσον
1008 1525 1069 1594 τόν

59 1617 231 1707 ποταμόν,
254 1617 356 1700 αύτός
370 1620 406 1688 δὲ
431 1622 484 1688 ἐπὶ
504 1627 565 1688 τού
580 1620 704 1708 χείλεος
727 1629 788 1689 τοῦ
812 1631 963 1709 ποταμοῦ
984 1629 1069 1708 ἔχων

60 1721 213 1804 δέλφακα
228 1716 314 1806 ζωήν
327 1718 454 1804 ταύτην
468 1719 593 1786 τύπτει
624 1718 811 1797 ἐπακούσας
832 1722 868 1786 δὲ
881 1727 939 1806 τής
953 1726 1069 1805 φανής

59 1819 80 1886 ό
106 1816 361 1904 κροκόδειλος“
346 1842 430 1884 ιεται
450 1814 533 1884 κατά
554 1813 618 1903 τήν
638 1813 774 1903 φωνήν,
797 1814 944 1901 ἐντυχών
965 1819 1002 1882 δὲ
1021 1823 1079 1906 τῷ·

61 1917 160 2006 νοότρο
184 1920 373 1984 καταπίνει
406 1919 441 1982 οί
460 1915 497 1982 δὲ
521 1915 664 1982 ἕλκουσι.
699 1911 801 1980 έπεάν
826 1912 862 1980 δὲ
884 1916 1068 2000 ἐξελκυσθῇ

60 2020 95 2094 ἐς
120 2021 202 2101 γήν,
233 2037 367 2099 προσιόν
393 2011 552 2081 ἁπάντων
574 2011 592 2080 ὁ
613 2010 782 2100 θηρευτής
805 2016 899 2100 πηλῷ
924 2008 995 2076 κατ’
1020 2003 1068 2077 ἀν

59 2117 186 2180 ἔπλασε
196 2104 302 2176 αὐτοῦ
312 2105 392 2186 τούς
403 2106 619 2195 ὀφθαλμούς·
640 2115 739 2176 τοῦτο
755 2107 792 2175 δέ
807 2105 947 2195 ποιήσας
962 2106 1067 2192 κάρτα

60 2204 225 2283 εὐπετέως
248 2200 289 2272 τά
318 2203 419 2272 λοιπά
449 2213 635 2294 χειροῦται,
670 2203 715 2293 μή
744 2206 884 2294 ποιήσας
908 2206 945 2273 δὲ
968 2213 1067 2273 τοῦτο

59 2303 130 2371 σύν
150 2303 254 2393 πόνῳ.

149 2404 195 2467 Οί
212 2403 248 2467 δέ
272 2403 368 2468 ’ίπποι
394 2404 429 2468 οί
444 2401 600 2486 ποτάμιοι
620 2407 712 2491 νομῷ
726 2403 788 2485 μέν
806 2408 852 2492 τῷ
866 2408 1066 2490 Παπρημίτῃ
1080 2412 1113 2468 71

59 2503 133 2584 ίροί
148 2502 227 2580 είσι,
248 2510 333 2564 τοῖσι
347 2497 384 2565 δὲ
399 2495 528 2567 άλλοισι
541 2502 754 2583 Αάγυπτίοισι
768 2493 831 2564 ούκ
851 2503 926 2581 ίροί.
961 2499 1066 2583 φύσιν

59 2597 99 2663 δὲ
115 2596 314 2680 παρέχονται
334 2597 422 2681 ίδέης
442 2595 592 2681 τοιήνδε·
612 2595 800 2678 τετράπουν
815 2597 898 2681 ἐστί,
920 2598 1065 2682 δίχηλον,

61 2688 163 2759 ὁπλαὶ
181 2687 277 2777 βοός,
299 2690 415 2778 σιμόν,
441 2689 566 2778 λοφιήν
586 2697 662 2777 ἔχον
681 2695 805 2777 ἵππου,
826 2691 1067 2777 χαυλιόδοντας

61 2789 205 2875 φαῖνον,
220 2785 327 2874 ούρήυ
341 2791 447 2855 ἵππου
460 2791 516 2856 καὶ
526 2793 663 2875 φωνήν,
677 2791 824 2875 μέγαθος
839 2786 921 2856 ὅσον
934 2814 970 2856 τε
983 2795 1066 2874 βοῦς

61 2883 258 2971 ὁμέγιστος.
290 2882 327 2951 τό
352 2887 456 2971 δέρμα
481 2883 512 2952 δ’
535 2884 640 2970 αὐτοῦ
661 2885 749 2953 οὕτω
766 2885 808 2972 δή
828 2911 859 2952 τι
884 2885 972 2969 παχύ
997 2888 1065 2951 έστι

61 2988 149 3057 ύστε
167 2985 255 3056 αύου
272 2985 458 3071 γευομένου
476 2978 580 3062 ξυστά
599 2981 771 3050 ποιέεσθαι
789 2982 821 3059 ἐξ
841 2977 957 3046 αύτού.
1051 3026 1057 3035 ·

139 3094 298 3158 Γίνονται
315 3083 354 3153 δὲ
371 3083 427 3151 καὶ
446 3080 599 3170 ένύδριες
618 3084 655 3148 ἐν
677 3085 725 3170 τῷ
743 3083 897 3170 ποταμῷ,
922 3076 981 3158 τάς
1000 3075 1072 3167 ίράς
1086 3096 1120 3148 72

59 3187 199 3276 ήγέαται
218 3183 313 3255 είναι.
341 3190 513 3270 νομίζουσι
530 3181 568 3250 δὲ
581 3181 715 3249 καὶτῶν
734 3180 864 3267 ἰχθύων
880 3177 941 3248 τόν
954 3179 1078 3248 καλεύ-

59 3315 166 3378 μενον
184 3283 369 3355 λεπιδοιτόν
389 3282 463 3371 ἱρὸν
481 3281 567 3351 εἶναι
585 3282 641 3349 καὶ
658 3282 720 3367 τὴν
739 3285 889 3366 ἔγχελυν.
926 3278 1022 3368 ίρούς
1040 3279 1079 3346 δὲ
