2354 3840
280 170 420 227 1,th
454 169 553 226 GAP.
588 176 764 229 εεσ-ιεο.
1003 165 1042 231 71

42 328 147 415 οίμέν
159 353 249 407 τινες
260 322 373 395 αύτῶν
387 324 564 413 έμάχοντο,
586 325 661 394 ὅσοι
681 325 725 414 μή
746 335 808 396 τοῦ
827 325 933 413 λόγου
946 326 1043 413 μετέ-

42 446 136 514 σχον,
159 429 194 494 οέ
206 423 243 492 δὲ
259 421 468 510 αὐτομόλεον
482 421 566 508 πρὸς
580 420 660 502 τούς
673 427 822 512 Πέρσας,
847 429 882 492 οί
899 424 936 493 δὲ
948 431 1043 492 πλεί-

42 543 109 593 στοι
129 519 356 591 ἐθελοκάκεόν
368 546 405 588 τε
419 522 475 588 καί
488 526 644 606 ἔφευγον.
681 526 916 600 Αιαλυθέντος
930 524 966 589 δὲ
981 527 1041 588 τοῦ
1060 532 1111 584 128

42 624 199 707 Μηδικοῦ
219 616 464 705 στρατεύματος
484 624 643 704 αἰσχρῶς,
672 615 717 699 ὡς
737 620 883 689 ἐπύθετο
905 618 1042 705 τάχιστα

42 716 56 789 δ
72 716 273 803 Ἀστυάγης,
295 723 360 803 ἔφη
375 713 539 785 ἀπειλέων
552 724 598 809 τῷ
613 717 734 805 Κύρῳ·
753 717 836 789 Ἀλλ’
850 714 927 787 οὐδ’
941 713 986 797 ολς
998 713 1041 801 [ὁ]

42 816 154 905 Κῦρός
177 842 216 902 γε
240 814 400 903 χαιρήσει.
447 822 601 883 Τοσαῦτα
622 826 716 895 είπας
739 825 874 905 πρῶτον
894 819 957 902 μὲν
973 821 1042 882 τῶν

42 915 158 1003 μάγων
171 911 251 992 τούς
270 910 526 1000 ὀνειροπόλους,
547 917 582 980 οἵ
598 940 658 1000 μιν
679 912 875 1002 ἀνέγνωσαν
894 929 1041 1003 μετεῖναι

42 1011 98 1082 τόν
112 1020 241 1101 Κύρου,
255 1011 397 1091 τούτους
410 1009 663 1101 ἀνεσκολόπισε,
678 1012 760 1100 μετὰ
775 1017 812 1083 δὲ
827 1013 950 1083 ω’πλισε
964 1010 1043 1090 τούς

42 1109 309 1196 ὑπολειφθέντας
327 1114 397 1176 ταῖν
411 1109 545 1195 Μήδων
566 1113 603 1178 έν
622 1117 668 1199 τῷ
690 1109 797 1199 ἀστεί,
820 1113 918 1192 νέους
937 1113 1043 1178 τεκαὶ

42 1206 228 1294 πρεσβύτας
251 1203 386 1290 ἀνδρας.
430 1205 603 1292 ἐξαγαγών
621 1209 658 1275 δέ
678 1207 819 1288 τούτους
839 1213 894 1276 καί
910 1215 1041 1294 συμβα-

42 1303 108 1374 λιδν
133 1318 218 1372 τοῖσι
245 1307 395 1391 Πέρσήσι
419 1303 571 1390 ἑσσώθη,
600 1306 656 1372 καί
680 1303 780 1385 αύτός
803 1332 839 1373 τε
862 1303 1043 1392 Ἀστυάγης

42 1401 229 1491 ἐζωγρήθη,
265 1403 322 1469 καί
350 1399 430 1481 τούς
461 1400 600 1489 ἐξήγαγε
629 1409 697 1471 τῶν
722 1403 855 1492 Μήδων
886 1400 1039 1491 ἀπέβαλε.

42 1501 141 1571 Εόντι
156 1504 193 1569 δὲ
206 1498 400 1591 αἰχμαλώτῳ
413 1507 460 1591 τῷ
477 1497 653 1588 Ἀστυάγει·
663 1501 830 1591 προσστὰς
843 1499 862 1571 ὁ
875 1501 1041 1589 ’Ἅρπαγος
1059 1512 1110 1565 129

42 1604 214 1691 κατέχαιρέ
225 1629 260 1669 τε
274 1603 330 1670 καί
345 1601 600 1689 κατεκερτόμεε,
621 1607 677 1672 καί
698 1601 782 1671 ἄλλα
802 1604 911 1688 λέγων
931 1606 965 1682 ές
979 1600 1043 1671 αύ-

42 1699 99 1770 τόν
113 1699 291 1787 θυμαλγέα
306 1704 396 1785 ἔπεα,
412 1700 467 1767 καὶ
481 1697 521 1786 δή
539 1701 595 1767 καί
609 1700 716 1785 είρετό
731 1726 790 1787 μιν
804 1698 887 1787 πρὸς
901 1696 939 1766 τὸ
956 1700 1042 1768 ἑωυ-

42 1807 100 1870 τοῦ
126 1806 280 1884 δεῖπνον,
298 1795 338 1865 τό
351 1825 410 1883 μιν
425 1801 551 1877 ἐκεῖνος
561 1801 727 1885 σαρξίτού
741 1796 860 1876 παιδός
874 1802 1042 1885 ἐθοίνησε,

42 1896 105 1966 ότι
126 1907 176 1981 είη
196 1894 218 1983 ἡ
234 1899 365 1964 ἐκείνου
381 1896 572 1983 δουλοσύνη
588 1893 662 1964 ἀντί
675 1903 734 1983 τῆς
746 1903 928 1984 βασιληίης.
972 1894 990 1965 ὁ
1007 1900 1045 1966 δέ

42 2020 98 2083 μιν
112 1990 284 2078 προσιδὼν
298 1989 484 2079 ἀντείρετο,
508 1999 538 2060 εί
557 1995 685 2060 ἑωυτοῦ
705 1995 849 2060 ποιέεται
869 1990 907 2060 τὸ
922 1992 1043 2078 Κύρου

42 2101 150 2182 ἔργον.
173 2092 340 2179 ’Ἅρπαγος
355 2092 392 2160 δὲ
405 2098 487 2179 ἔφη,
504 2091 604 2172 αὐτὸς
617 2090 682 2180 γάρ
696 2091 840 2181 γράψαι,
855 2089 892 2160 τό
908 2100 1043 2180 πρῆγμα

42 2190 79 2279 δή
102 2193 231 2260 ἑωυτοῦ
253 2195 389 2269 δικαίως
409 2189 503 2259 εἶναι.
545 2189 728 2277 Ἀστυάγης
748 2193 787 2259 δέ
805 2219 864 2278 μιν
879 2189 1043 2278 ἀπέφαινε

42 2297 84 2382 τῷ
107 2289 197 2382 λόγῳ
218 2287 416 2359 σκαιότατόν
435 2317 471 2358 τε
492 2292 549 2358 καί
570 2287 776 2358 ἀδικάτατον
793 2288 892 2358 ἐόντα
906 2289 1044 2358 πάντων

42 2385 253 2475 ἀνθρώπων,
279 2387 477 2459 σκαιότατον
491 2391 553 2476 μέν
566 2416 622 2475 γε,
651 2394 681 2458 εί
700 2385 828 2476 παρεὸν
842 2387 932 2478 αύτῷ
946 2398 1044 2476 βασι-

42 2489 97 2558 λέα
123 2489 300 2573 γενέσθαι,
325 2493 355 2556 εί
379 2486 420 2575 δή
443 2485 489 2556 δι’
513 2490 641 2555 ἑωυτοῦ
662 2513 700 2572 γε
718 2484 868 2572 ἐπρήχθη
882 2485 923 2554 τά
938 2512 1043 2573 παρε-

42 2586 140 2672 όντα,
166 2583 256 2676 ἀλλω
270 2590 451 2674 περιέθηκε
465 2583 503 2652 τό
524 2583 663 2673 κράτος,
689 2579 896 2651 άδικάτατον
910 2586 963 2670 δὲ,
991 2582 1043 2653 ὅτι

42 2690 100 2752 τού
123 2688 263 2752 δείπνου
284 2687 412 2751 εἵνεκεν
426 2683 570 2771 Μήδους
590 2681 835 2750 κατεδούλωσε·
866 2685 896 2749 εί
913 2679 979 2767 γάρ
1002 2676 1042 2766 δή

42 2788 113 2850 δεῖν
136 2781 270 2862 πάντως
293 2793 483 2867 περιθεῖναι
507 2779 596 2872 ἀλλςο
620 2782 683 2871 τέω
706 2777 767 2866 τήν
789 2784 967 2865 βασιληίην
987 2778 1043 2844 καί

42 2876 84 2967 μή
100 2876 205 2947 αὐτόν
220 2885 324 2964 ἔχειν,
346 2876 557 2962 δικαιότερον
578 2875 665 2944 εῖναι
677 2875 811 2962 Μήδων
825 2876 887 2965 τέω
901 2882 1043 2959 περιβα-

42 2987 112 3047 λεῖν
126 2984 224 3044 τοῦτο
238 2973 276 3045 τό
292 2972 427 3061 ἀγαθόν
440 2972 462 3062 ή
477 2978 652 3063 Περσέων·
690 2982 756 3041 νῦν
771 2977 808 3041 δὲ
822 2970 966 3058 Μήδους
980 2973 1042 3057 μὲν

42 3074 211 3154 ἀναιτίους
224 3073 347 3142 τούτου
361 3073 477 3152 ἐόντας
490 3073 634 3153 δούλους
655 3071 729 3141 ἀντὶ
742 3072 931 3139 δεσποτέων
944 3094 1043 3154 γεγο-

42 3178 153 3259 νέναι,
174 3176 306 3258 Πέρσας
326 3177 362 3240 δὲ
386 3173 531 3250 δούλους
552 3171 667 3248 ἐόντας
681 3168 718 3237 τὸ
734 3171 815 3255 πρὶν
829 3168 962 3258 Μήδων
976 3177 1043 3236 νῦν

42 3273 216 3361 γεγονέναι
242 3269 411 3351 δεσπότας.
457 3269 640 3356 Ἀστυάγης
665 3274 727 3355 μέν
752 3297 819 3338 νυν
843 3268 1044 3357 βασιλεύσας
1058 3278 1110 3330 130

42 3369 93 3440 ἐπ’
111 3376 186 3459 ἔτεα
205 3374 303 3439 πέντε
317 3374 374 3439 καί
388 3370 567 3458 τριήκοντα
582 3369 671 3438 οὕτω
684 3377 743 3456 τῆς
757 3378 930 3459 βασιληίης
944 3394 1042 3438 κατε-
