2354 3840
328 208 414 266 ΗΒ.
445 207 467 263 l.
500 205 599 264 CAP.
633 213 776 272 θλ-Βδ.
1014 209 1056 273 45

45 369 195 451 ενείκας,
220 372 260 456 τῇ
284 358 330 454 ήν
356 367 515 450 έπιμαχον
545 356 595 446 [τό
616 367 739 447 χορίον
755 366 814 448 τῆς
831 358 1054 451 ἀκροπόλιος],

45 462 254 552 κατηλόγησε
265 469 364 532 τοῦτο
383 459 428 540 ὡς
443 458 500 528 ἐόν
515 458 644 547 ἀμαχόν
663 487 699 528 τε
713 465 767 529 καὶ
782 459 969 550 ἀπότομον·
986 468 1051 531 ἐστι

46 563 83 633 δέ
97 560 184 650 πρὸς
197 570 258 632 τοῦ
276 562 419 649 Τμώλου
433 564 661 646 τετραμμένον
674 566 732 647 τῆς
746 562 871 642 πόλιος.
913 559 931 631 δ
948 555 998 630 ών
1012 559 1053 648 δή

47 661 215 750 Τροιάδης
230 654 328 741 οὗτος
343 657 361 730 δ
379 659 521 748 Μάρδος
541 657 625 727 ίδών
646 666 686 749 τῇ
701 667 883 750 προτεραίῃ
896 666 965 729 τών
979 686 1051 728 τινα

47 765 172 829 Λυδῶν
193 758 276 837 κατὰ
298 765 397 828 τοῦτο
418 765 477 845 τής
493 755 697 846 ἀκροπόλιος
716 759 908 844 καταβάντα
925 760 977 826 έπὶ
992 784 1054 825 κυ-

48 861 129 946 νέην
150 855 289 927 ἀνωθεν
309 864 615 926 κατακυλισθεῖσαν
636 858 692 924 καὶ
717 853 924 941 ἀνελόμενον
947 856 1054 943 ἐφρύ-

47 966 115 1041 σθη
133 956 190 1024 καί
207 957 240 1035 ἐς
251 951 369 1041 θυμόν
384 954 529 1042 ἐβάλετο.
564 954 637 1020 τότε
655 953 691 1020 δὲ
706 950 747 1039 δή
766 951 866 1032 αὐτός
883 978 918 1020 τε
935 951 1054 1039 ἀνεβε-

47 1052 147 1140 θήκεε
164 1054 218 1120 καὶ
234 1049 302 1121 κατ’
318 1048 423 1120 αὐτόν
438 1049 532 1120 ἄλλοι
547 1055 708 1135 Περσίαν
722 1048 917 1139 ἀνέβαινον·
947 1071 1053 1138 προσ-

47 1152 183 1238 βώνταν
206 1153 242 1219 δέ
263 1163 397 1239 συχνῶν
419 1150 508 1220 οὕτω
531 1150 571 1240 δή
594 1153 742 1239 Σάρδιές
758 1179 793 1220 τε
808 1149 984 1240 ἡλώκεσαν
998 1154 1050 1219 καὶ

47 1256 116 1316 πᾶν
138 1246 177 1317 τό
193 1247 278 1319 ἀστυ
298 1252 488 1334 ἐπορθέετο.
535 1247 614 1318 Κατ’
634 1245 739 1316 αὐτόν
755 1251 790 1317 δὲ
810 1258 956 1336 Κροῖσον
972 1248 1097 1319 τάδεδσ

47 1348 188 1432 ἐγένετο.
220 1341 266 1435 ήν
281 1352 315 1416 σί
326 1363 420 1435 παῖς,
435 1353 497 1414 τοῦ
511 1351 565 1415 καὶ
581 1347 748 1434 πρότερον
763 1346 996 1434 ἐπεμνήσθην,
1012 1343 1053 1412 τοὶ

45 1446 109 1525 μὲν
124 1440 208 1512 ἀλλα
224 1444 385 1533 ἐπιεικής,
407 1443 544 1530 ἀφωνος
565 1448 610 1513 δέ.
650 1446 687 1511 ἐν
701 1452 741 1534 τῇ
763 1437 812 1512 ών
834 1442 1054 1531 παρελθούσῃ

48 1538 181 1610 εὐεστοῖ
200 1538 219 1610 δ
236 1549 380 1628 Κροῖσος
395 1540 432 1612 τό
452 1550 520 1611 πᾶν
536 1545 571 1621 ἐς
587 1541 694 1610 αὐτόν
710 1543 904 1630 ἐπεποιήκεε
919 1540 1003 1610 ἀλλα
1017 1564 1053 1607 τε

50 1641 313 1730 ἐπιφραζόμενος
334 1646 390 1712 καὶ
412 1640 524 1730 δήκαὶ
542 1644 575 1720 ἐς
588 1639 747 1727 Δελφούς
761 1645 836 1727 περὶ
852 1640 959 1710 αὐτοῦ
976 1645 1053 1710 ἐπε-

49 1740 181 1828 πόμφεε
195 1745 429 1828 χρησομένους.
460 1737 481 1827 ή
500 1739 537 1808 δέ
550 1746 668 1825 Πυθίη
686 1744 719 1806 oc
734 1737 803 1807 εἶπε
819 1739 915 1807 τώδε·

85 1839 178 1909 Λυδὲ
192 1840 307 1925 γένος,
325 1845 459 1908 πολλῶν
476 1843 631 1926 βασιλεύ,
649 1841 732 1924 μέγα
748 1837 849 1926 νήπιε
864 1845 999 1924 Κροῖσε,

87 1935 149 2024 Μή
165 1937 291 2024 βούλευ
308 1938 517 2005 πολύευκτον
531 1934 587 2021 ίήν
601 1933 667 2003 ἀντὶ
683 1931 802 2021 δώματ’
820 1932 959 2004 ἀκούειν

87 2034 218 2115 Παιδός
233 2041 479 2123 φθεγγομένου.
513 2033 551 2102 τό
568 2040 607 2102 δέ
620 2057 672 2102 σοι
691 2033 778 2104 πολύ
795 2035 898 2104 λώιον
912 2032 1015 2122 ἀμφὶς

77 2134 258 2222 Ἕμμεναι·
288 2133 428 2222 αύδήσει
443 2131 508 2221 γάρ
523 2135 560 2200 ἐν
576 2130 678 2218 ήματι
692 2139 827 2219 πρῶτον
843 2129 986 2226 ἀνόλβῳ.

51 2231 274 2318 ἁλισκομένου
295 2232 332 2300 δέ
346 2240 407 2300 τοῦ
421 2238 560 2318 τείχεος,
584 2227 635 2315 ήιε
658 2228 723 2318 γάρ
744 2239 813 2298 τῶν
834 2258 883 2310 τις
895 2235 1055 2320 Περσίσιν

51 2329 266 2418 ἀλλογνώσας
281 2339 428 2417 Κροῖσον
445 2330 489 2411 ὡς
504 2328 731 2416 ἀποκτενέων,
754 2338 899 2419 Κροῖσος
913 2336 975 2419 μέν
989 2357 1055 2398 νυν

51 2428 159 2515 ὁρέων
179 2427 316 2497 ἐπιόντα
336 2427 402 2496 ύπδ
424 2435 482 2514 τῆς
503 2427 693 2513 παρεούσης
708 2435 884 2515 συμφορῆς
905 2453 1055 2516 παρημε-

50 2528 166 2614 λήκεε,
191 2523 275 2594 οόδέ
291 2533 327 2594 τί
343 2532 377 2596 οί
395 2531 529 2613 διέφερε
549 2529 707 2610 πληγέντι
731 2522 935 2593 ἀποθανεῖν·
982 2522 1055 2593 ὁδὲ

49 2639 126 2702 παῖς
142 2615 273 2702 ούτοςδ
292 2621 427 2709 ἀφανος
446 2622 490 2702 ώς
505 2622 571 2691 είδε
587 2623 724 2691 ἐπιόντα
738 2621 799 2690 τόν
813 2625 965 2709 Πέρσην,
987 2620 1053 2690 ὑπὸ

49 2727 149 2800 δέους
161 2746 198 2788 τε
212 2725 268 2790 καὶ
281 2730 388 2791 κακοῦ
403 2727 521 2810 ἔρρηξε
536 2720 675 2808 φωνήν,
692 2720 762 2789 εἷπε
777 2726 829 2790 δέ·
858 2719 1054 2809 Ὤνθρωπε,

48 2819 93 2908 μὴ
110 2835 221 2890 κτεῖνε
231 2829 387 2907 Κροῖσον.
417 2815 516 2900 οὗτος
529 2822 591 2909 μὲν
606 2821 646 2908 δή
665 2829 761 2889 τούτο
779 2829 914 2906 πρώτον
927 2824 1052 2907 έφθέγ-

48 2923 146 3004 ξατο,
162 2917 243 3004 μετὰ
260 2920 296 2986 δέ
310 2927 408 2988 τοῦτο
424 2919 488 3007 ήδη
506 2920 634 3005 ἐφώνεε
652 2919 712 2987 τὸν
728 2920 837 2988 πάντα
854 2917 979 3003 χρόνον
997 2926 1054 3005 τῆς

48 3018 135 3103 ζόης-

136 3117 181 3182 Οί
204 3116 240 3182 δέ
260 3119 387 3203 Πέρσαι
407 3118 466 3195 τώς
486 3143 521 3184 τε
543 3112 583 3201 δή
606 3115 734 3201 Σάρδις
755 3121 852 3201 ἔσχον
873 3119 928 3183 καὶ
949 3111 1097 3182 αότόνθθ
1140 3147 1153 3176 ⁴.

46 3192 200 3298 Κροῖσον
216 3213 424 3301 ἐζώγρησαν,
440 3213 586 3299 ἄρξαντα
602 3219 675 3280 έτεα
691 3219 984 3300 τεσσερεσκαίδεκα
1000 3218 1056 3281 καί

45 3319 343 3398 τεσσερεσκαίδεκα
360 3309 486 3400 ἡμέρας
506 3314 791 3398 πολιορκηθέντα,
813 3309 896 3379 κατὰ
920 3309 956 3379 τό
972 3337 1052 3397 χρη-

45 3409 190 3497 στήριόν
210 3437 247 3479 τε
268 3411 528 3481 καταπαύσαντα
550 3406 613 3496 τήν
629 3413 756 3477 ἑωυτοῦ
770 3409 921 3495 μεγάλην
937 3406 1052 3495 ἀρχήν,
