2354 3840
336 207 415 261 ιιο.
450 206 470 261 1.
502 203 600 261 οεε.
633 208 771 263 εε-οι.
1010 197 1049 267 17

43 388 112 431 m
133 362 376 449 δυνατώτερος,
400 358 418 428 6
443 359 478 426 δδ
499 365 620 427 τοισίδε
641 364 771 446 προέχει
793 365 939 431 ἐκείνου
966 359 1050 450 ἀτην

55 457 117 544 μὲν
133 461 187 526 καὶ
201 460 384 544 ἐπιθυμίην
405 453 468 524 οὐκ
489 451 610 541 ὁμοίως
631 454 772 536 δυνατὰς
787 458 901 547 ίιιείνηη
915 459 1048 542 ἐνεῖκαι,

56 565 159 625 ταῦτα
176 557 213 625 δὲ
226 553 247 645 6
263 552 395 642 εὐτυχίη
410 559 444 623 ολ
455 550 632 639 ἀπερύκει,
650 551 777 640 ἀπηρος
791 556 830 622 δέ
841 556 927 641 ἐστι,
944 552 1048 622 ἀνου-

57 673 131 737 σος,
148 649 283 739 ἀπαθής
298 658 426 737 κακῶν,
445 647 578 735 εὔπαις,
599 646 747 735 εὐειδής·
776 657 805 718 εί
818 649 853 719 δὲ
869 648 952 738 πρὸς
968 650 1049 719 τού-

56 768 141 818 τοισι
156 754 203 817 ἔτι
218 747 405 834 τελευτήσει
421 744 482 815 τόν
496 753 572 833 βίον
587 739 643 832 εὖ,
660 739 758 825 οὗτος
773 749 914 834 ἐκεῖνος,
931 745 991 815 τόν
1005 744 1049 814 σὺ

57 854 176 936 ζητεῖς,
191 844 304 933 ὄλβιος
320 851 502 932 κεκλῆσθαι
516 841 607 923 ἀξιός
622 844 706 911 ἐστι·
732 847 811 930 πρὶν
826 842 857 912 δ’
875 841 919 912 ἀν
935 854 1049 914 τελεν-

56 943 157 1030 τήσῃ,
180 944 324 1026 ἐπισχεῖν
345 939 427 1026 μηδὲ
447 941 578 1008 καλέειν
592 963 640 1005 κω
655 936 788 1025 ὄλβιον,
808 936 876 1009 ἀλλ’
901 937 1046 1026 εὐτυχέα.

56 1036 96 1105 τά
121 1036 230 1104 πάντα
252 1039 314 1123 μέν
334 1062 400 1103 νυν
422 1042 525 1103 ταῦτα
546 1041 725 1122 συλλαβεῖν
746 1033 930 1123 ἄνθρωπον
950 1036 1048 1109 ἐόντα

57 1131 227 1201 ἀδύνατόν
248 1132 333 1217 ἐστι,
357 1131 467 1218 ὥσπερ
486 1129 576 1217 χοίρη
597 1127 734 1217 οάδεμιά
755 1135 925 1217 καταρκέει
939 1133 1048 1202 πάντα

57 1232 164 1316 εὀιντῃ
182 1228 386 1312 παρέχουσα,
411 1223 481 1295 ἀλλ’
517 1225 597 1294 ἀλλο
613 1225 675 1311 μὲν
688 1232 770 1315 ἔχει,
792 1231 905 1315 ἑτέρου
922 1231 957 1299 δδ
975 1233 1048 1298 έπι·

57 1329 180 1394 δέεται·
209 1323 285 1412 ἣδε
306 1320 349 1391 ἀν
368 1323 408 1391 τὰ
432 1333 566 1391 πλείστα
589 1328 663 1410 ἔχῃ,
687 1321 801 1412 ἀρίστη
823 1324 915 1414 αὕτη.
948 1324 991 1406 δίς
1011 1324 1048 1393 δδ

60 1425 113 1490 καὶ
132 1419 318 1508 ἀνθρώπου
341 1426 435 1505 σῶμα
455 1423 493 1486 ἓν
514 1415 615 1486 οὐδὲν
635 1417 795 1507 αὔταρκές
815 1425 899 1490 έστι·
928 1419 964 1490 τό
985 1420 1047 1509 μὲν

57 1518 122 1607 μάρ
139 1524 220 1606 ἔχει,
244 1515 404 1585 ἀλλουδὲ
427 1519 535 1595 ἐνδεές
560 1519 636 1584 ἐστι.
670 1515 786 1596 δςδ’
771 1545 814 1587 αν
829 1517 940 1588 αὐτῶν
954 1529 1047 1588 πλεῖ-

59 1637 120 1686 στα
144 1620 227 1701 έχων
252 1616 399 1702 διατελέῃ
424 1618 478 1682 καὶ
501 1620 629 1682 ἔπειτεν
654 1617 829 1706 τελευτήσῃ
850 1615 1047 1705 εὐχαρίστως

61 1712 119 1781 τὸν
132 1719 225 1800 βίον,
243 1703 340 1789 οὗτος
355 1735 421 1798 παρ
426 1708 569 1797 ’ἐμοὶ
536 1737 572 1778 το
589 1710 718 1798 οὔνομα
734 1721 843 1833 τρῦτο,
859 1742 885 1783 ω
874 1709 1044 1802 βασιλεῦ,

58 1810 185 1927 δίκαιός
201 1812 268 1877 ἐστι
285 1810 457 1893 φέρεσθαι.
489 1813 642 1879 σκοπέειν
657 1810 692 1879 δὲ
707 1810 767 1899 χρή
782 1811 905 1892 παντός
918 1814 1045 1930 χρήμα-

58 1933 112 1987 τος
126 1903 188 1993 τήν
201 1901 367 1991 τελευτήν,
382 1931 424 1993 κῃ
410 1903 656 1993 ἀποβήσεται·
672 1917 821 1977 πολλοῖσι
833 1907 898 1994 γάρ
909 1907 978 1996 66‘
961 1933 1047 1989 οπο-η,

58 2006 152 2083 δέξας
166 2002 266 2090 δλβον
281 1999 299 2070 6
314 1999 396 2080 θεὸς
408 2008 603 2089 προρρίζους
620 2001 785 2088 ἀνέτρεψε.
814 2012 924 2072 Ταῦτα
938 2007 1045 2088 λέγων
1055 2022 1090 2079 aa

57 2108 104 2194 τῷ
115 2112 248 2196 Κροίσῳ
266 2103 308 2173 06
326 2131 390 2184 κως
408 2103 485 2174 οὔτε
502 2109 673 2195 ἐχαρίζετο,
691 2103 769 2176 οάτε
783 2107 884 2193 λόχου
900 2136 956 2196 μιν
972 2134 1045 2178 ποι-

58 2202 219 2291 ησάμενος
244 2201 385 2283 οάδενός
408 2203 647 2292 ἀποπέμπεται,
670 2204 774 2295 κάρτα
797 2203 894 2287 δόξας
916 2204 1046 2295 ἀμαθέα

59 2299 160 2388 εἶναι,
178 2299 216 2382 ὃς
234 2301 274 2370 τά
292 2303 455 2391 παρεόντα
473 2300 584 2388 ἀγαθὰ
599 2304 705 2390 μετεὶς
717 2303 778 2390 τήν
790 2304 945 2391 τελευτήν
959 2331 1045 2397 παν-

55 2399 110 2481 τὸς
127 2401 289 2489 χρήματος
307 2398 391 2488 ὁράν
408 2402 547 2470 ἐκέλευε.

136 2501 231 2571 Μετά
246 2501 282 2570 δὲ
297 2501 492 2569 Σόλωναί
460 2501 633 2617 οἰχόμενον
648 2503 745 2584 ἔλαβε
759 2499 795 2564 ἐκ
809 2499 895 2562 θεοῦ
911 2495 1041 2579 νέμεσις
1052 2510 1088 2563 σε

51 2602 176 2721 μεγάλῃ
193 2606 356 2684 Κροισον,
379 2594 423 2674 ἀς
439 2623 452 2663 ε
455 2598 582 2682 ίκάσαι,
604 2592 654 2662 ὅτι
669 2593 803 2680 ένόμισε
817 2588 988 2659 ἑαυτὸν
958 2615 1040 2656 ειναι

51 2698 245 2783 ἀνθρώπων
266 2693 425 2764 ἀπόντων
440 2693 651 2781 ὀλβιοίτατον.
685 2690 802 2761 αὐτίκα
816 2692 856 2759 δέ
865 2695 899 2758 οί
884 2687 1041 2758 ίεάδοντι

51 2793 202 2882 έπέστῃ”
183 2819 322 2880 ονειρος,
340 2792 376 2872 ὅς
391 2790 472 2861 oc
435 2819 498 2879 την
513 2787 675 2877 ἀλήθειαν
691 2795 806 2876 ἔφαινε
820 2795 888 2855 τῶν
900 2783 1041 2874 μελλόν-

52 2920 118 2962 των
149 2894 307 2979 γενέσθαι
338 2898 450 2960 κακῶν
474 2887 556 2958 κατά
582 2886 642 2956 τόν
672 2892 782 2957 παῖδα
823 2881 909 2974 ἦσαν
935 2885 971 2954 δὲ
996 2883 1041 2976 τῷ

52 2999 184 3114 Κροίσῳ
205 2989 266 3058 δύο
288 2995 418 3077 παῖδες,
443 2997 510 3058 τῶν
532 2987 669 3074 οὕτερος
689 2987 731 3074 με
733 3014 753 3054 ν
775 2977 1020 3108 διέφθαρτο,
999 3009 1042 3071 ην

51 3091 115 3179 χάρ
131 3088 171 3176 δή
190 3089 313 3175 κωφός,
331 3116 349 3157 ο
336 3087 401 3158 ’δὲ
419 3084 529 3173 ἕτερος
540 3094 606 3156 τῶν
618 3085 752 3174 ἡλίκων
758 3092 873 3176 μακρῷ
884 3081 923 3152 τά
935 3082 1044 3152 πάντα

52 3196 209 3278 πρῶτος.
224 3185 352 3272 οὕνομα
377 3191 418 3256 δέ
439 3180 517 3256 οί
495 3213 538 3273 ην
556 3185 663 3265 ’Ἇτνς
702 3191 833 3253 τοῦτον
845 3175 938 3271 δή
911 3208 959 3250 ων
984 3181 1043 3250 τδν
1110 3245 1114 3250 ,

45 3291 145 3353 va
166 3287 367 3373 σημαίνει
337 3289 382 3349 τῶ
405 3279 572 3374 Κροίσμ’
557 3309 575 3350 ο
598 3280 746 3444 ὄνειρος,
768 3280 812 3361 ὡς
832 3277 965 3348 ἀπολέει
986 3300 1045 3366 μιν

53 3387 149 3469 αἰχμῇ
162 3378 308 3466 σιδηρέῃ
333 3383 460 3467 βληθει
461 3406 508 3446 τα
559 3373 576 3443 ὁ
607 3375 691 3444 δὲ’
674 3382 746 3444 επεί
744 3403 778 3445 τε
805 3379 965 3531 ἐξηγέρθη
990 3379 1045 3442 καί

137 3489 232 3528 mon,
250 3474 268 3526 1.
