2354 3840
122 196 187 262 m
504 202 757 260 HERODOTI

123 360 255 426 παίδων
274 355 428 444 Σκύλης,
454 360 487 438 ἐξ
506 354 687 445 Ἰστριηνῆς
710 359 748 426 δὲ
773 357 937 444 γυναικός
958 351 1060 440 οὗτος
1076 365 1121 446 χί-

124 482 217 526 νεται
233 459 289 526 καί
310 454 466 544 οὐδαμῶς
482 460 659 544 ἐγχωρίης,
680 454 742 526 τόν
757 455 778 545 ἡ
793 457 901 546 μήτηρ
915 459 1004 546 αὕτη
1020 465 1123 545 rm

123 553 190 623 σάν
210 579 246 622 τε
260 552 402 625 Ἑλλάδα
422 557 479 624 καλ
497 556 675 643 γράμματα
692 557 830 637 ἐδίδαξε.
860 555 944 644 μετὰ
961 556 1000 626 δὲ
1018 555 1123 646 χρόνῳ

123 649 267 736 ὕστερον
284 649 497 739 Ἀριαπείθης
521 654 583 738 μὲν
602 660 741 742 τελευτᾷ
762 653 852 745 δόλῳ
876 651 944 723 ὑπό
964 662 1122 773 Σπαργα-

123 757 261 829 πείθεος
281 757 343 819 τού
359 748 582 838 Ἀγαθύρσων
600 754 772 840 βασιλέος,
793 753 931 840 Σκύλης
951 754 990 821 δὲ
1010 751 1073 840 τήν
1090 776 1123 818 τε

122 854 302 935 βασιληίην
323 851 491 937 παρέλαβε
511 847 623 918 καί
585 877 649 967 την
667 865 813 936 γυναῖκα
838 858 899 919 τοῦ
922 849 1068 939 πατρός,
1087 875 1122 938 τη

86 946 89 951 ’
123 941 254 1030 ούυομα
268 972 312 1033 ην
324 944 446 1034 ’0.ποίη
478 973 520 1033 ην
535 944 632 1015 δὲ’
586 973 707 1033 αυτηη
719 944 868 1033 Ὀποίη’
848 946 949 1036 αστη,
970 937 1122 1035 ἐξηςόν

113 1045 248 1132 Ὄρικος
259 1044 559 1134 Ἀριαπείθείπαίς
576 1047 767 1135 βασιλεύων
780 1045 1121 1118 δέΣκυθέωνὸΣαό-

121 1154 181 1231 λης
195 1148 304 1233 διαίτη
332 1141 490 1230 ούδαμύς
520 1138 678 1231 ηρέσκετο
709 1150 887 1233 Σκυθικῇ,
917 1139 1005 1215 άλλά
1043 1154 1121 1215 πολ·

121 1240 184 1312 λόν
198 1240 283 1330 πρὸς
296 1241 521 1331 ιδ’Βλληνικά
536 1251 665 1330 μᾶλλον
678 1237 956 1334 τετραμμένοςῆν
968 1242 1038 1312 άπό
1047 1268 1120 1311 παι-

121 1341 255 1421 δεύσιος
268 1350 326 1429 τῆς
341 1345 569 1429 ἐπεπαίδευτο,
581 1345 693 1412 ἐποίεέ
699 1369 736 1411 τε
744 1349 895 1412 τοιοῦτο·
918 1335 996 1410 εύτε
1005 1338 1119 1427 άχάηοι

120 1437 182 1528 την
198 1438 357 1529 στρατιὴν
371 1437 434 1529 τὴν
446 1443 616 1509 Σκυθέων
633 1443 666 1520 ἐς
678 1437 716 1508 τό
730 1444 1028 1529 Βορυσθενεϊτέων
1042 1435 1118 1507 άστυ

121 1544 171 1629 (ol
183 1543 220 1608 δὲ
232 1545 499 1627 Βορυσθενεῗται
513 1531 608 1608 οὗτοι
622 1542 759 1626 λέγουσι
780 1542 885 1626 σφέας
899 1535 1025 1616 αὐτούς
1040 1534 1118 1604 εἶναι

121 1645 343 1725 Μιλησίους),
362 1641 395 1717 ἐς
408 1637 549 1715 τούτους
566 1634 653 1715 ὅκως
671 1643 767 1705 ἐλθοι
780 1633 799 1704 ὁ
811 1635 965 1722 Σκύλης,
986 1632 1050 1721 τὴν
1064 1633 1118 1720 μὲν

121 1734 281 1823 στρατιὴν
293 1744 530 1806 καταλείπεσκε
545 1736 642 1824 ἐντῷ
657 1741 861 1825 προαστείῳ,
878 1730 980 1811 αύτός
991 1733 1029 1800 δὲ
1038 1729 1117 1808 ὅκως

121 1840 217 1903 ἔλθοι
232 1837 264 1913 ἐς
280 1832 317 1903 τό
332 1849 437 1921 τείχος
450 1837 506 1903 καί
516 1831 574 1912 τάς
585 1834 694 1911 πύλας
708 1836 910 1920 ἐγκληίσειε,
926 1829 991 1919 τὴν
1001 1827 1131 1925 στολην1

120 1928 330 2019 ἀποθέμενος
341 1930 591 2020 τὴνΣκυθικήν
600 1931 744 2020 λάβεσκε
754 1927 979 2017 άνἙλληνίδα
988 1933 1116 2016 ἐσθῆτα,

120 2032 205 2114 ἔχων
221 2026 253 2096 δ’
269 2026 314 2096 άν
329 2029 456 2118 ταύτην
476 2027 618 2117 ἠγόραζε
631 2028 710 2097 οὔτε
730 2027 936 2116 δορυφόρων
950 2028 1116 2113 ἑπομένων

120 2124 199 2193 οὔτε
215 2124 320 2194 άλλου
341 2125 480 2206 ούδενός
501 2126 574 2216 (τὰς
594 2128 631 2195 δέ
651 2128 759 2206 πύλας
780 2127 991 2214 ἐφύλασσον,
1013 2125 1060 2214 μή
1075 2128 1115 2201 τίς

120 2245 180 2305 μιν
189 2223 359 2288 Σκυθέων
370 2227 436 2291 ίδοι
448 2228 565 2310 ἔχοντα
575 2224 702 2311 ταύτην
712 2222 775 2312 τὴν
785 2224 940 2315 στολήν),
953 2227 1010 2292 καὶ
1020 2215 1115 2292 τᾶλλα

119 2318 236 2405 ἐχρᾶτο
251 2321 359 2406 διαίτη
370 2316 561 2409 Ἑλληνικῇ,
579 2323 635 2389 καλ
647 2331 759 2390 θεοῖσι
769 2319 826 2409 ίρά
842 2324 949 2390 ἐποίεε
963 2318 1049 2389 κατὰ
1062 2317 1116 2387 νό-

119 2441 204 2501 μους
228 2416 307 2496 τούς
321 2415 500 2506 Ἑλλήνων.
534 2417 591 2487 ὅτε
611 2423 648 2488 δέ
667 2424 851 2507 διατρίψειε
871 2425 961 2506 μῆνα
983 2413 1114 2504 ἦπλέον

118 2511 258 2598 τούτου,
289 2510 519 2583 ἀπαλλάσσετο
554 2515 654 2595 ἐνδύς
684 2515 746 2603 τὴν
774 2513 957 2602 Σκυθικὴν
987 2513 1113 2603 στολήν.

119 2616 223 2678 ταῦτα
238 2616 390 2680 ποιέεσκε
409 2614 586 2703 πολλάκις,
609 2618 664 2684 καὶ
679 2621 768 2684 οίκία
786 2641 823 2684 τε
838 2617 989 2700 ἐδείματο
1005 2614 1043 2681 ἐν
1054 2619 1115 2681 Βο-

71 2724 105 2782 79
120 2707 283 2793 ρυσθένεί
291 2711 346 2777 καλ
355 2726 500 2793 γυναῖκα
512 2718 612 2800 ἔγημε
623 2717 657 2793 ἐς
667 2711 753 2782 αὐτά
765 2716 954 2800 ἐπιχωρίην.
994 2705 1116 2779 'austu

118 2805 245 2874 δέἐδεέ
258 2810 292 2874 οί
304 2815 414 2886 κακῶς
427 2813 603 2899 γενέσθαι,
620 2815 750 2900 ἐγένετο
766 2809 839 2880 άπό
848 2808 1038 2899 προφάσιος
1051 2830 1116 2876 τοι·

118 2905 215 2988 ῆσδε·
246 2903 440 2991 ἐπεθύμησε
454 2910 614 3003 Διονύσω
633 2920 783 3002 Βακχείῳ
803 2915 1020 2996 τελεσθῆναι·
1042 2909 1117 3030 μόλ-

117 3007 211 3070 λοντι
222 3005 261 3071 δέ
270 3007 305 3071 οί
317 3006 350 3082 ἐς
358 3018 470 3093 χεῖρας
480 3005 669 3093 άχεσθαι
633 3039 696 3099 την
705 3009 842 3098 τελετην
859 3012 989 3098 ἐγένετο
1005 3007 1118 3095 φάσμα

118 3094 336 3185 μέγιστον’
312 3128 357 3189 ην
375 3128 393 3170 ο
394 3106 458 3173 λέν
474 3114 769 3194 Βορυσθενεϊτέων
788 3139 828 3201 τη
813 3112 924 3180 πόλι
941 3115 1047 3196 οἰκίης
1062 3131 1118 3194 με·

118 3193 223 3286 μάλης
239 3201 294 3268 καὶ
307 3207 505 3283 πολυτελέος
520 3207 708 3372 περιβολη,
719 3216 777 3296 τῆς
788 3236 843 3278 και
832 3207 973 3295 ὀλίγον
986 3233 1020 3274 τι
1035 3202 1118 3292 πρό-

320 3325 369 3367 ων
385 3303 522 3391 μνήμην
547 3303 652 3392 εἶκον,
672 3333 735 3393 την
753 3309 849 3394 πέριξ
871 3311 997 3425 λερκοῦ
1019 3309 1120 3374 λίθου

62 3296 376 3608 Hm
389 3407 515 3486 γρῦπες
530 3404 688 3473 ἕστασαν
710 3407 743 3484 ἐς
763 3405 890 3495 ταύτην
911 3400 929 3473 ὁ
950 3400 1034 3483 θεὸς
1050 3403 1120 3473 ἐνέ-
