2354 3840
85 207 128 270 78
464 208 716 266 HERODOTI

85 369 336 457 ἀπεσχίσθησαν
351 369 387 436 δὲ
401 367 467 436 άπδ
482 375 551 435 τῶν
562 366 674 435 ἄλλων
685 363 807 432 Ἰάνων
819 356 913 433 οὗτοι
925 362 998 434 κατ’
1011 364 1088 435 ἄλλο

85 469 147 554 μέν
161 465 279 554 οὐδὲν,
302 466 465 545 ἀσθενέος
485 465 522 534 δέ
537 465 651 543 ἐόντος
667 470 729 531 τού
742 462 869 542 παντὸς
883 464 959 533 τότε
974 461 1089 550 Ἑλλη-

85 574 183 635 νικοῦ
203 569 334 651 γένεος,
355 571 467 655 πολλῷ
490 565 526 632 δέ
550 557 596 651 ήυ
616 561 863 631 ἀσθενέστατον
877 570 946 631 τῶν
961 566 1088 633 ἐθνέων

84 664 121 734 τό
133 662 283 733 Ἰωνικόν
302 666 358 732 καλ
377 664 482 749 λόγου
496 667 686 749 ἐλαχίστου·
716 660 768 730 ὅτι
789 660 855 750 γάρ
880 661 925 750 μή
937 670 1088 751 Ἀθῆναι,

85 755 129 850 ἦν
154 762 255 831 οὐδὲν
281 762 363 832 άλλο
387 763 535 848 πόλισμα
561 762 710 846 λόγιμον.
759 765 794 829 οί
816 763 878 846 μέν
902 787 970 829 νυν
996 758 1088 831 ἄλλοι

76 861 189 940 ’Ίωυες
205 864 260 930 καλ
283 868 318 930 οί
332 859 505 948 Ἀθηναῖοι
527 866 657 946 έφνγον
676 857 714 926 τό
731 857 878 948 οὕνομα,
900 858 943 928 ού
966 859 1089 948 βουλό-

87 958 302 1045 μενοιἽωνες
318 967 520 1046 κεκλῆσθαι,
539 956 621 1027 άλλά
638 960 693 1024 καὶ
708 963 775 1023 νῦν
791 963 973 1043 φαίνονταί
986 982 1046 1043 μοι
1060 956 1089 1023 υί

86 1062 203 1127 πολλοὶ
218 1057 330 1127 αύτιόν
345 1058 609 1144 ἐπαισχύνεσθαι
622 1081 667 1122 ττι
684 1052 864 1141 ούνόματι·
896 1058 933 1123 at
946 1052 1086 1137 δέδυιό-

87 1161 168 1224 δεκα
188 1157 302 1235 πόλιες
323 1149 423 1224 αύται
442 1163 489 1247 τῷ
510 1181 546 1224 τε
567 1151 730 1240 οὐνόματι
743 1151 928 1240 ἠγάλλοντο
944 1155 1003 1221 καὶ
1016 1148 1087 1239 ίρδτ

86 1255 266 1340 ἱδρύσαντο
282 1259 336 1322 ἐπὶ
349 1257 464 1340 σφέων
481 1253 628 1339 αύτέωυ,
648 1261 694 1345 τῷ
712 1250 843 1339 οὔνομα
858 1258 979 1321 έθεντο
996 1260 1086 1320 Παν-

87 1353 221 1436 ιάνιον,
244 1351 489 1438 ἐβουλεύσαντο
511 1353 547 1421 δὲ
569 1350 675 1420 αὐτοῦ
689 1356 894 1438 μεταδοῦναι
906 1356 1082 1438 μηδαμοῖσι

87 1449 216 1517 ἄλλοισι
234 1447 356 1518 Ἰάνων
381 1446 471 1534 (οὐδ’
488 1451 677 1536 ἐδεήθησαν
697 1448 734 1518 δὲ
748 1447 890 1537 οόδαμοὶ
905 1462 1083 1536 μετασχεῖν,

44 1561 70 1614 ελ
87 1545 138 1612 ὅτι
162 1544 207 1632 μή
230 1552 452 1635 Σμυρναῖοι),
479 1549 562 1615 κατά
587 1573 650 1633 περ
678 1553 713 1616 οἱ
733 1550 771 1616 ἐκ
791 1555 849 1634 τῆς
871 1548 1082 1625 πενταπόλιος

87 1651 153 1711 νῦν
166 1644 276 1732 χάρης
292 1648 458 1733 Δωριέες,
480 1647 645 1731 πρότερον
669 1649 705 1715 δέ
725 1648 897 1728 ἑξαπόλιος
920 1655 979 1734 τῆς
993 1645 1083 1733 αι’πής

87 1742 209 1829 ταύτης
232 1747 452 1831 καλεομένης,
480 1746 711 1830 φυλάσσονται
732 1738 782 1814 όν
801 1746 977 1835 μηδαμούς
1000 1746 1081 1815 ἐσδέ·

88 1849 210 1926 ξασθαι
230 1852 298 1912 τῶν
314 1854 505 1928 προσοίκων
518 1850 683 1937 Δωριέων
700 1849 733 1926 ἐς
746 1844 784 1915 τό
805 1844 992 1933 Τριοπικὸν
1004 1840 1080 1935 ίρόν,

88 1940 171 2010 ἄλλά
187 1944 242 2010 καὶ
257 1945 372 2029 σφέων
392 1941 506 2011 αύτώυ
522 1942 602 2023 τούς
626 1948 701 2029 περὶ
715 1943 753 2012 τό
768 1943 844 2033 ἱρόν
857 1942 1081 2033 ἀνομήσαντας

88 2041 280 2128 ἐξεκλήισαν
304 2049 362 2126 τῆς
387 2051 533 2129 μετοχῆς.
574 2046 612 2111 έν
633 2041 699 2130 γάρ
720 2050 766 2134 τῷ
789 2041 895 2130 ἀγῶνι
909 2051 972 2112 τοῦ
992 2050 1081 2130 Τριο-

88 2148 167 2209 πίου
179 2139 386 2220 ’Λπόλλωνος
406 2143 562 2210 ἐτίθεσαν
582 2139 619 2210 τό
634 2142 738 2209 πύλαι
752 2147 912 2228 τρίποδας
931 2142 1081 2230 χαλκέους

88 2255 173 2307 τοῖσι
186 2239 343 2324 νικέουσι,
362 2241 418 2309 καὶ
434 2240 575 2319 τούτους
595 2248 679 2327 χρῆν
700 2237 780 2318 τούς
800 2240 1035 2328 λαμβάνοντας
1049 2236 1096 2305 ἐκ.

87 2345 148 2406 τοῦ
165 2344 242 2424 ίροῦ
264 2337 308 2425 μή
331 2341 503 2425 ἐκφέρειν,
525 2336 594 2408 ἀλλ’
613 2337 719 2407 αὐτοῦ
734 2337 932 2407 ἀνατιθέναι
944 2346 993 2431 τῷ
1008 2340 1078 2427 θεφὶ

87 2432 174 2522 άνήρ
201 2427 546 2523 οἷν-Ἀλικαρνησεύς,
574 2444 621 2529 τῷ
646 2436 777 2522 οὕνομα
801 2429 846 2523 ἦν
867 2434 1080 2523 Ἀγασικλέης,
1114 2506 1119 2539 i

87 2533 227 2622 νικήσας
240 2532 301 2602 τόν
316 2535 424 2621 νόμον
438 2534 656 2622 κατηλόγησε,
671 2537 786 2621 φέρων
800 2535 837 2603 δέ
850 2532 936 2622 πρὸς
948 2530 991 2603 τά
1005 2536 1081 2601 ἐων-
1095 2578 1098 2585 ·
1114 2560 1118 2613 ε

87 2638 148 2700 τοῦ
170 2637 257 2698 οίκία
277 2631 594 2717 προσεπασσάλευσε
617 2629 678 2699 τόν
700 2635 850 2720 τρίποδα.
887 2629 1081 2715 διὰταύτην
1112 2695 1117 2703 .

87 2727 150 2817 τήν
166 2735 274 2815 αίτίην
289 2733 326 2797 αί
337 2735 435 2797 πέντε
448 2730 579 2814 πόλιες,
602 2734 725 2808 Λίνδος
746 2732 801 2798 καλ
817 2728 965 2816 Ἰηλυσός
984 2752 1021 2795 τε
1035 2724 1082 2793 κά
1114 2737 1118 2755 ’

88 2829 255 2914 Κάμειρος
275 2828 330 2894 καλ
345 2833 422 2904 Κῶς
441 2852 477 2893 σε
502 2829 557 2895 καὶ
568 2830 703 2913 Κνίδος,
713 2827 906 2914 ἐξεκλήισαν
920 2833 980 2912 τῆς
992 2846 1083 2912 μετο-

86 2935 146 3015 λῆς
166 2922 229 3010 τήν
250 2928 350 3010 ἕκτην
368 2925 469 2993 πόλιν
484 2923 737 3011 Ἀλικαρνησόν.
776 2925 926 2992 τούτοισι
944 2918 1084 3010 μέν’ννν

44 3042 69 3092 ιε
86 3023 212 3109 ταύτην
231 3021 294 3108 τήν
315 3027 433 3109 ζημίην
452 3014 546 3089 ούτοι
567 3026 747 3107 ἐπέθηκαν.
792 3023 962 3091 Δοκέουσι
983 3025 1024 3089 δέ
1033 3042 1084 3107 μοι
1115 3082 1124 3125 1.

87 3123 240 3192 δυόδεκα
276 3121 370 3202 πόλις
402 3122 609 3208 ποιήσασθαι
630 3127 665 3189 οί
681 3120 796 3198 Ἴωνες
816 3122 871 3189 καὶ
892 3117 956 3187 ούιι
970 3120 1084 3203 ἐθελῆ-
1115 3130 1124 3207 ξΙ

87 3243 142 3289 σαι
164 3228 310 3300 πλεῦνας
330 3224 528 3300 ἐσδέξασθαι
550 3223 649 3287 τοῦδε
666 3222 812 3304 εἵνεκεν,
838 3215 888 3285 ὅτι
903 3218 960 3284 καὶ
977 3213 1033 3285 ὅτε
1050 3216 1084 3283 ἐν

86 3319 334 3408 Πελοποννήσῳ
352 3328 481 3403 οίκεον,
503 3316 656 3384 δυόδεκα
676 3309 721 3404 ήν
734 3314 849 3383 αὐτων
864 3317 988 3402 μέρεα,
1007 3306 1084 3383 κατά

87 3442 148 3502 περ
185 3426 250 3486 νῦν
278 3417 417 3504 Ἀχαιάν
445 3424 513 3483 τῶν
543 3418 771 3492 ἐξελασάντων
786 3415 905 3491 Ἴωνας
935 3406 1084 3483 δυάδειέ
1117 3496 1124 3547 J

1117 3566 1124 3692 i
