2354 3840
243 184 329 241 ιιΒ.
361 185 406 241 111.
440 183 539 244 cAP.
569 188 711 243 49-52
774 178 777 183 '
920 181 983 245 νῦν

42 346 182 427 ιμένοισι
197 345 253 410 καί
268 343 414 426 ἐξέργειν
429 339 635 420 κελεύοντος.
657 339 932 432 ἀπελαυνόμενος
946 340 979 413 δ’

42 435 89 524 ἤιε
110 435 163 506 ἐπ’
180 439 297 524 ἑτέρην
316 444 384 504 τῶν
404 439 560 521 ἑταίρων·
584 443 619 508 οί
637 442 673 518 δέ,
690 438 748 510 ἀτε
763 436 980 531 Περιάνδρου
1013 436 1016 441 ’

42 562 70 602 τα
85 541 204 622 παῖδα,
221 543 339 619 καίπερ
355 539 598 621 δειμαίνοντες,
613 534 703 623 ὅμως
717 543 880 608 ἐδέκοντο.
924 541 978 607 τέ-
992 559 1028 611 5²

43 637 79 702 δέ
90 632 109 703 ὁ
120 640 330 721 Περίανδρος
343 635 498 721 κήρυγμα
509 635 697 722 ἐποιήσατο,
709 635 747 716 δς
758 631 834 726 ἀνῆ
845 641 978 706 οἰκίοισι

42 737 174 820 δέξηταί
185 760 245 821 μιν
258 729 280 819 ἢ
294 736 560 820 προσδιαλεχθῇ,
574 730 652 821 ίρὴν
667 738 784 820 ζημίην
797 739 919 802 τοῦτον
931 739 978 823 τῷ

42 831 151 899 ἷλλωυι
172 827 338 916 ὀφείλειν,
361 826 487 915 ὁσηυδή
511 837 613 907 είπας.
644 827 728 917 πρός
749 821 799 898 ἀν
819 825 976 918 δήτοῦτο

42 930 187 1015 ιήρυγμα
209 926 287 997 οὔτε
306 938 355 1006 τίς
375 933 409 996 οί
429 930 643 1014 διαλέγεσθαι
667 926 746 997 οὔτε
766 933 900 998 οίκίοισι
921 931 978 996 δέ·

42 1038 90 1092 ται
105 1024 224 1112 ήθελε·
246 1024 330 1109 πρὸς
345 1026 382 1091 δέ
394 1022 474 1093 οὐδὲ
484 1021 585 1104 αὐτὸς
600 1028 726 1105 ἐκεῖνος
741 1028 887 1095 ἐδικαίευ
902 1049 976 1094 πει-

42 1134 96 1191 θαι
107 1120 350 1208 ἀπειρημένου,
362 1119 446 1190 ἀλλά
459 1124 703 1209 διακαρτερέων
714 1125 751 1191 ἐν
760 1130 975 1212 τῇσιστοιήσι

42 1226 185 1289 ζινδέετο.
215 1220 354 1307 τετάρτη
376 1215 407 1285 δ’
429 1216 535 1306 ήμέρη
552 1217 635 1286 ίδοέν
649 1246 709 1306 μιν
732 1216 750 1289 ὁ
768 1226 975 1309 Περίανδρος

42 1325 148 1406 ισίησί
158 1321 259 1386 τεκαὶ
270 1315 413 1404 ἀσιτίῃσι
424 1316 688 1403 συμπεπτωκότα
700 1326 858 1404 οίκτειρε·
879 1314 976 1398 ὑπεὶς

42 1423 79 1502 ης
94 1412 195 1502 ὀργῆς
209 1412 261 1501 ήιε
276 1407 383 1483 ἆσσον
397 1415 452 1481 καί
466 1419 575 1500 ἔλεγε·
602 1407 642 1482 ’λλ
658 1429 734 1499 παλ,
755 1413 876 1503 κότερα
891 1412 974 1485 τού·

49 1512 249 1599 αἱρετώτερα
271 1515 356 1597 ἐστι,
377 1518 483 1579 ταῦτα
498 1507 539 1577 τά
560 1518 627 1579 νῦν
647 1517 732 1599 έχων
752 1512 928 1600 πρήσσεις,
952 1507 974 1598 ή

42 1613 218 1696 τυραννίδα
226 1605 329 1674 καίτά
337 1605 465 1697 ἀγαθά,
478 1607 663 1696 τάνῦνέγω
673 1618 749 1700 ἔχω,
755 1619 859 1680 ταῦτα
875 1611 973 1679 έόντα

42 1709 122 1792 εατρὶ
135 1705 309 1794 ἐπιτήδεον
319 1706 612 1793 παραλαμβάνειν;
635 1703 672 1786 ὃς
686 1706 752 1775 έάν
761 1708 839 1795 έμός
848 1735 884 1777 τε
895 1723 972 1788 παῖς

42 1812 215 1888 Κορίνθου
230 1812 288 1891 τῆς
304 1801 502 1890 εὐδαίμονος
517 1802 676 1892 βασιλεὺς
690 1803 816 1894 ἀλήτην
830 1812 908 1894 βίον
922 1809 972 1874 εἵ-

65 1900 287 1971 ἀντιστατέων
300 1928 337 1969 τε
351 1904 406 1970 καὶ
422 1898 506 1989 ὀργή
521 1901 701 1987 χρεόμενος
722 1905 755 1983 ές
767 1901 829 1972 τόν
844 1923 882 1971 σε
894 1902 971 1991 ήκι-

42 2006 133 2086 χρῆν.
165 2007 195 2068 εί
206 2000 272 2087 γάρ
291 2026 341 2078 τις
361 1995 518 2085 συμφορή
537 2000 574 2066 έν
594 1996 723 2067 αὐτοῖσι
744 1999 913 2087 ἐγεγόνεε,
936 2001 970 2079 έξ

42 2107 172 2185 νπορίην
192 2101 225 2178 ές
246 2098 302 2185 ἐμὲ
322 2105 422 2185 ἔχεις,
445 2089 520 2184 ἐμοί
536 2125 572 2167 τε
588 2097 672 2186 αὕτη
691 2104 811 2187 γέγονε
830 2105 886 2169 καί
903 2097 969 2188 έγδ

42 2207 65 2281 λς
82 2195 119 2264 τδ
134 2204 241 2267 πλεῦν
257 2197 394 2284 μέτοχός
410 2202 490 2284 είμι,
503 2195 572 2291 ὅσῳ
582 2197 684 2280 αὐτός
693 2221 780 2289 σφεα
789 2200 969 2290 έξεργασά-

72 2293 116 2361 σδ
138 2297 174 2362 δὲ
201 2293 339 2381 μαθων,
363 2293 431 2385 ὅσην
456 2300 665 2381 φθονέεσθαι
690 2302 834 2387 κρέσσον
855 2301 923 2366 ἐστὶ
946 2294 993 2384 ή

42 2401 203 2480 είρεσθαι,
227 2393 296 2480 ἅμα
315 2420 352 2462 τε
376 2392 492 2463 ὁκοίόυ
515 2423 547 2464 τι
572 2400 605 2475 ἐς
624 2396 703 2477 τοὺς
723 2401 840 2477 τοκέας
858 2402 913 2466 καλ
935 2401 969 2476 ἐς

54 2496 236 2579 κρέσσονας
249 2500 487 2581 τεθυμῶσθαι,
511 2492 609 2562 ἀπιθι
624 2497 657 2574 ές
671 2493 712 2564 τά
728 2502 824 2565 οίκία.
862 2501 967 2578 Περί-

42 2619 84 2670 »ος
98 2593 160 2677 μὲν
173 2593 321 2660 τούτοισι
336 2590 441 2660 αὐτόν
455 2593 699 2681 κατελάμβανε,
723 2591 740 2661 ὁ
756 2596 792 2662 δὲ
806 2592 888 2676 ἀλλο
903 2596 966 2680 μὲν

42 2720 61 2757 ν
82 2689 251 2780 ἀμείβεται
275 2689 335 2758 τὸν
357 2694 499 2779 πατέρα,
522 2698 587 2778 ἔφη
609 2695 650 2760 δέ
667 2719 726 2780 μιν
748 2690 827 2782 ίρήυ
848 2697 966 2780 ζημίην

42 2803 109 2862 λειν
122 2800 168 2884 τῷ
187 2799 259 2884 θεῷ
276 2795 389 2884 ἑωυτῷ
404 2796 437 2873 ές
457 2795 580 2880 λόγους
597 2790 811 2882 ἀπικόμενον.
841 2793 964 2879 μαθων

42 2895 264 2977 Περίανδρος,
287 2889 332 2970 ως
347 2890 477 2980 ἀπορόν
491 2918 521 2960 τι
534 2890 572 2961 τό
587 2890 694 2962 κατιδυ
709 2904 760 2980 είη
770 2900 832 2961 τοῦ
846 2888 966 2970 παιδὸς

42 2988 212 3078 ἀνίκητον,
235 2994 268 3071 έξ
291 2988 560 3079 ὀφθαλμῶν-μιν
586 2989 815 3079 ἀποπέμπεται
835 2995 965 3068 στείλας

42 3121 76 3162 ιν
93 3097 127 3172 ές
141 3096 337 3182 Κέρκυραν·
361 3094 542 3182 ἐπεκράτεε,
556 3093 621 3182 γάρ
641 3096 697 3162 καὶ
716 3092 846 3179 ταύτης.
878 3087 964 3159 ἀπο·
1064 3114 1067 3118 ’

42 3220 86 3272 ,ας
111 3196 147 3261 δὲ
172 3200 294 3261 τοῦτον
318 3190 338 3260 ὁ
358 3197 568 3281 Περίανδρος
590 3191 803 3277 ἐστρατεύετο
829 3191 882 3258 ἐπὶ
902 3209 964 3260 τον

42 3291 129 3377 ἐρδυ
149 3295 304 3380 Προκλέα
326 3290 370 3372 ὡς
393 3299 461 3360 τῶν
482 3291 678 3376 παρεόντων
703 3295 738 3360 οί
757 3285 963 3377 πρηγμάτων

42 3393 283 3483 ταίτιεότατου,
305 3397 360 3465 καί
375 3389 441 3463 εἷλε
454 3395 517 3482 μὲν
530 3391 593 3483 τήν
603 3392 820 3480 Ἐπίδαυρον,
843 3387 909 3474 εἷλε
925 3389 960 3456 δὲ

955 3552 1036 3608 fl

947 3598 953 3607 .

859 3639 863 3645 ,
935 3632 940 3641 .
