2354 3840
96 250 118 309 4
472 250 727 308 HERODOTI

96 406 145 478 έτέ
157 411 237 496 ἐμεῦ
253 402 298 498 ήν
314 410 460 496 μεγαλα,
478 407 644 495 πρότερον
662 401 705 494 ήν
722 407 855 495 σμικροί.
880 406 941 496 τήν
960 407 1099 495 ανθρω-

95 517 199 598 πηίην
221 504 270 580 όν
291 509 509 595 ἐπιστάμενος
531 505 748 593 εὐδαιμονίην
771 504 902 593 οὐδαμὰ
925 511 961 576 έν
983 507 1098 599 τώυτῷ

96 616 265 698 μένουσαν
277 611 498 700 ἐπιμνήσομαι
510 607 710 695 ἀμφοτέρων
721 605 851 691 ὁμοίως.

66 729 82 781 6
136 776 141 785 ,
179 703 1097 796 ΚΡΟΙΣΟΣήνΛοδδςμδνγένος,παῑςδδἈλυύττεω,
1134 766 1138 795 j

94 809 262 896 τύραννος
273 811 309 877 δὲ
321 811 451 877 ἐθνέων
461 815 530 875 των
542 803 636 883 έντδς
646 803 767 882 ’Ἅλυος
777 812 947 890 ποταμοῦ,
965 805 1001 885 δς
1012 809 1098 892 ῥέων
1135 798 1138 915 ή

95 903 160 974 όπδ
179 914 385 995 μεσαμβρίης
405 903 528 992 μεταξύ
539 906 679 990 Συρίων
695 906 750 969 καλ
766 905 1005 990 Παφλαγόνων
1021 905 1094 982 ἐξίει
1135 918 1138 931 “

95 1003 179 1092 πρδς
198 1010 323 1093 βορέην
344 1005 470 1092 ἄνεμον
488 1008 521 1084 ές
537 1003 598 1079 τὸν
609 1001 773 1083 Εὔξεινον
790 1006 996 1092 καλεόμενον
1012 1005 1081 1071 ττόνΙ
1134 978 1138 1080 δ

95 1130 164 1171 τον.
188 1096 286 1182 οὗτος
298 1101 315 1172 ὁ
327 1111 472 1191 Κροῖσος
482 1102 665 1192 βαρβάρων
676 1109 807 1190 πρῶτος
818 1110 886 1170 τῶν
895 1101 990 1191 ἡμεῖς
1001 1107 1097 1188 ίδμεν

95 1199 174 1280 τοῦς
185 1201 247 1286 μὲν
264 1203 506 1288 κατεστρέψατο
518 1199 697 1288 Ἑλλήνων
715 1203 748 1279 ές
771 1201 882 1290 φόρον
903 1198 1096 1286 ἀπαγωγήν,

95 1297 174 1377 τοῦς
185 1299 221 1365 δέ
233 1305 352 1384 φίλους
362 1299 637 1387 προσεποιήσατο.
662 1305 903 1386 κατεστρέψατο
914 1300 1097 1386 μὲνἼωνοίς

90 1423 130 1464 τε
140 1399 195 1465 καὶ
206 1399 346 1475 Αἰολέας
357 1401 412 1466 καί
421 1404 574 1488 Δωριέας
590 1397 669 1479 τοὺς
686 1403 723 1467 έν
740 1406 779 1488 τῇ
793 1396 901 1488 Ἀσίη,
924 1410 1043 1487 φίλους
1062 1401 1096 1466 δὲ

93 1495 357 1585 προσεποιήσατο
369 1503 662 1584 Λακεδαιμονίους.
681 1494 747 1583 πρό
759 1496 795 1562 δέ
805 1503 862 1582 τῆς
874 1505 1023 1584 Κροίσου
1035 1496 1096 1581 ύρ-

93 1600 150 1681 χής
167 1589 547 1683 πόντεςἝλληνεςήσαν
565 1596 747 1681 ἐλεύθεροι.
771 1591 808 1661 τδ
826 1593 890 1682 γὰρ
902 1602 1096 1681 Κιμμερίων

93 1693 282 1778 στράτευμα
302 1690 339 1761 τδ
353 1696 405 1762 ἐπὶ
421 1693 483 1782 τήν
497 1693 627 1781 Ἰωνίην
637 1691 860 1780 ἀπικόμενον,
878 1702 1027 1783 Κροίσου
1039 1694 1093 1762 έδν

92 1789 342 1884 πρεσβύτερον,
360 1789 401 1860 ού
418 1789 630 1880 καταστροφή
642 1793 771 1879 ἐγένετο
783 1800 849 1862 τῶν
862 1800 1004 1881 πολίων,
1025 1788 1093 1861 ἀλλ’
1125 1802 1128 1807 “

68 1890 127 1968 λέξ
146 1891 325 1977 ἐπιδρομῆς
346 1889 489 1982 ἁρπαγή.
516 1894 561 1962 Ἡ
575 1898 611 1962 δὲ
628 1892 788 1981 ἡγεμονίη
811 1894 900 1962 οὕτω
921 1906 1094 1985 περιῆλθε,

95 1990 196 2084 ἐοῦσα
207 1987 467 2080 Ἡρακλειδέων,
487 1995 520 2072 ἐς
536 1991 683 2078 τὸγένος
699 1990 736 2059 τδ
749 1999 917 2080 Κροίσου,
935 2001 1095 2081 καλεομέ-

96 2113 175 2165 νους
197 2091 233 2155 δὲ
252 2091 470 2177 Μερμνάδας.
504 2083 549 2177 ἦν
569 2089 788 2176 Κανδαύλης,
812 2087 871 2157 τόν
893 2095 927 2159 οί
938 2091 1095 2178 Ἕλληνες

93 2190 273 2271 Μυρσίλον
290 2184 531 2275 ούνομύζοοσι,
553 2187 719 2275 τύραννος
729 2193 904 2276 Σαρδίων,
926 2187 1094 2276 ἀπόγονος

93 2281 291 2353 δὲἈλκαίοο
302 2294 363 2354 τοῦ
373 2285 561 2377 Ἡρακλέος.
581 2285 716 2373 Ἄγρων
732 2289 794 2373 μέν
804 2285 869 2375 γὰρ
881 2283 899 2355 ὁ
911 2295 1023 2356 Νίνου
1033 2295 1093 2355 τοῦ

91 2382 205 2468 Βήλου
216 2389 277 2449 τοῦ
291 2379 446 2452 Ἀλκαίου
463 2381 843 2471 πρωτοςἩρακλειδέων
853 2385 1010 2474 βασιλεῦς
1021 2388 1093 2472 έγέ-

91 2506 166 2549 νετο
183 2486 359 2568 Σαρδίων,
376 2483 579 2570 Κανδαύλης
597 2485 634 2551 δὲ
651 2480 989 2572 ὁΜύρσουύστατος.
1013 2490 1047 2553 οί
1056 2486 1093 2552 δὲ

89 2578 256 2665 πρότερον
273 2576 445 2664 Ἄγρωνος
466 2581 725 2666 βασιλεύσαντες
753 2585 875 2670 ταύτης
902 2592 959 2670 τῆς
983 2584 1093 2670 χόρης

89 2671 177 2764 ήσαν
188 2673 352 2762 ἀπόγονοι
362 2683 480 2747 Λυδοῦ
490 2686 552 2746 τοῦ
568 2678 696 2767 Ἄτυος,
713 2677 772 2747 ἀπ’
786 2678 893 2748 ότενό
907 2686 1008 2766 δήμος
1019 2682 1093 2746 Λό-

90 2782 161 2856 διος
178 2775 305 2863 ἐκλήθη
322 2772 341 2844 ὁ
360 2783 425 2856 πᾶς
442 2769 557 2865 οὗτος,
568 2779 734 2867 πρότερον
744 2784 869 2864 Μηίων
880 2778 1089 2864 καλεόμενος.

89 2876 180 2965 παρὰ
198 2877 328 2943 τούτων
338 2873 549 2965 Ἡρακλεῖδαι
566 2881 827 2965 ἐπιτραφθέντες
844 2881 941 2961 ἔσχον
957 2873 1018 2961 τὴν
1030 2875 1092 2962 αἶρ-

88 2973 152 3062 χήν
164 2976 200 3042 έκ
211 2981 437 3064 θεοπροπίου,
456 2979 492 3046 έκ
511 2979 633 3064 δούλης
649 3003 685 3044 τε
702 2983 759 3063 τῆς
766 2974 940 3063 Ἰαρδάνου
950 2980 1092 3064 γεγονό-

89 3099 142 3152 τες
163 3077 219 3140 καί
234 3072 429 3162 Ἡρακλέος,
451 3075 693 3164 ἄρξαντεςμὲν
709 3076 762 3142 έπί
780 3075 841 3142 δύο
860 3080 967 3144 τεκαὶ
987 3086 1091 3144 είκοσι
1111 3113 1117 3122 ·

89 3168 207 3257 γενεὰς
218 3167 369 3260 αἰνδρῦν,
382 3180 455 3242 ἔτεα
465 3178 564 3242 πέντε
575 3199 610 3241 τε
622 3177 677 3242 καί
687 3173 900 3262 πεντακόσια,
912 3191 989 3255 παῖς
999 3175 1090 3262 παρὰ

88 3266 214 3354 πατρὸς
230 3271 448 3358 ἐκδεκόμενος
464 3272 525 3359 τήν
546 3269 670 3360 ἀρχὴν,
690 3275 784 3363 μέχρι
802 3276 1009 3343 Κανδαύλεω
1030 3284 1090 3342 τοῦ

59 3369 246 3456 ΒΜύρσον.
268 3365 376 3451 Ούτος
391 3370 432 3458 δὴ
445 3365 493 3443 οἷν
504 3368 522 3441 δ
535 3373 738 3460 Κανδαύλης
749 3373 883 3462 ήροὲσθη
894 3380 952 3461 τής
963 3377 1091 3442 ἑωυτοῦ
1118 3456 1121 3462 ,

88 3467 266 3555 γυναικός,
290 3472 445 3557 ἐρασθεὶς
462 3473 498 3539 δδ
516 3471 649 3558 ἐνόμιζέ
662 3476 697 3540 οί
713 3470 798 3541 εἶναι
809 3487 952 3560 γυναῖκα
964 3473 1091 3544 πολλόν
1118 3544 1122 3557 ,
