2354 3840
93 151 135 213 86
205 238 209 243 .
473 153 719 214 ιιειιοοοτι

93 318 139 401 τρδ
146 312 250 402 Κύρῳ
262 308 323 399 την
333 315 509 398 βασιληίην
518 309 880 396 συγκατεργασάμενος.
898 303 1000 389 οὗτος
1011 308 1094 399 ἀνὴρ

92 407 167 476 τότε
181 405 247 475 ὑπὸ
256 407 374 495 Κύρου
387 405 569 495 στρατηγὸς
581 405 779 494 ἀποδεχθεὶς
791 405 836 486 ἀς
846 403 983 477 ἀπίκετο
997 411 1031 489 ές
1042 406 1095 497 τὴν

89 502 234 594 Ἰωνίην,
257 509 348 595 αἵρεε
362 503 422 584 τὰς
448 502 541 582 πόλις
572 506 719 592 χώμασι·
749 504 835 584 ὅκως
849 503 915 594 γὰρ
931 505 1095 595 τειχήρεας

93 607 259 695 ποιήσειε,
276 602 312 673 τό
324 606 486 672 ἐνθεῦτεν
496 602 630 690 χώματα
644 610 714 690 χῶν
726 599 809 692 πρδς
823 599 863 671 τά
876 608 984 689 τείχεα
1000 602 1093 691 ἐπόρ-

36 723 77 779 Aa
91 717 160 774 θεε.
190 704 305 793 πρώτῃ
323 703 360 772 δὲ
375 708 511 790 Φωκαίη
523 699 648 788 Ἰωνίης
672 703 868 788 ἐπεχείρησε
905 704 950 768 OC
970 701 1008 769 δὲ
1024 708 1093 769 Φω-

93 800 258 885 καιέες
215 832 309 875 ουτοι
321 810 508 892 ναυτιλίῃσι
523 808 667 891 μακρῇσι
682 807 808 888 πρῶτοι
818 797 989 888 Ἑλλήνων
1004 798 1091 888 ἐχρη-

92 931 210 994 σαντο,
234 910 289 975 καὶ
309 906 369 975 τόν
390 929 424 972 τε
435 901 569 989 Ἀδρίην
590 905 645 970 καλ
666 899 728 989 την
749 898 940 989 Τυρσηνίην
962 896 1072 968 καί
1039 916 1091 987 τήν

87 1013 232 1093 Ἰβηρίην
253 1008 308 1073 καί
328 992 698 1088 τδνΤαρτησσὸνοῦτοί
718 1005 816 1067 είσιο
817 1002 1088 1080 ίκαταδέξαντες.

91 1105 324 1172 ἐναυτίλλοντο
336 1103 371 1170 δέ
383 1126 425 1168 ου
414 1097 663 1188 ’στρογγύλῃσι
679 1101 796 1184 νηυσὶ,
812 1095 896 1167 ἀλλά
909 1122 1087 1186 πεντηκον-

90 1201 222 1284 τέροισι.
247 1224 446 1286 απικομενοι
457 1197 492 1266 δὲ
504 1199 537 1275 ἐς
545 1195 804 1285 τονΤαρτησσον
812 1198 1016 1285 προσφιλέες
1026 1197 1086 1283 ἐγέ-

90 1327 188 1371 νοντο
212 1306 256 1390 τῷ
277 1300 409 1388 βασιλέϊ
427 1303 495 1364 τών
508 1300 786 1386 Ταρτησσίων,
756 1301 801 1362 τώ
825 1318 955 1382 ουνομα
970 1285 1072 1381 μὲν
1052 1320 1087 1381 ην

85 1396 351 1486 Ἀργανθώνιος,
381 1394 606 1515 ἐτυράννευσε
638 1391 692 1460 δέ
689 1396 890 1480 Ταρτησσοῦ
902 1389 1085 1480 ὀγδώκοντα
1118 1420 1122 1427 ·

90 1503 179 1582 ἔτεα,
205 1491 374 1583 έβίωσεδδ
391 1490 430 1560 τά
452 1491 561 1559 πάντα
578 1500 683 1560 είκοσι
697 1493 753 1559 καλ
767 1491 895 1560 ἑκατόν.
924 1492 1034 1583 τοώτφ
1052 1488 1085 1577 δη

89 1619 135 1683 τρι
121 1589 250 1677 ἀνδρὶ
265 1591 464 1677 προσφιλέες
486 1612 504 1656 0
505 1586 762 1668 ίΦωκαιέες“
719 1615 808 1657 ουτω
824 1589 866 1677 δη’
880 1616 911 1658 τι
928 1592 1084 1677 ἐγένοντο,

90 1686 134 1767 ὡς
150 1686 189 1756 τά
204 1687 265 1775 μὲν
283 1688 398 1775 πρώτά
414 1706 518 1773 σφεας
539 1686 735 1766 ἐκλιπόντας
746 1684 875 1775 Ἰωνίην
892 1692 1025 1758 έκέλενε
1038 1696 1085 1777 τῆς

88 1790 216 1854 ἑωυτοῦ
229 1784 338 1873 χώρης
353 1789 483 1871 οίκησαι
494 1783 578 1853 ὅκου
589 1784 782 1872 βούλονται,
796 1783 878 1872 μετὰ
893 1784 940 1873 δέ,
957 1783 1004 1866 ὦς
1016 1784 1086 1857 τοῦ·

86 1883 125 1952 τό
139 1911 178 1971 γε
200 1881 262 1951 οὐκ
278 1889 393 1951 ἔπειθε
413 1880 492 1960 τοὺς
509 1885 697 1969 Φωκαιέας,
720 1880 737 1951 ὁ
760 1882 797 1951 δὲ
816 1884 1015 1972 πυθόμενος
1034 1884 1086 1953 τὸν

88 1986 211 2068 Μῆδον
222 1978 302 2068 παρ’
319 1977 431 2048 αὐτῶν
443 1977 487 2058 ὡς
499 1978 650 2066 αὔξοιτο,
668 1982 780 2049 ἐδίδου
794 2002 855 2069 σφι
865 1983 1018 2073 χρήματα
1027 1996 1082 2052 τελ·
1129 2026 1131 2039 =

86 2103 143 2166 χος
163 2080 404 2166 περιβαλέσθαι
425 2075 486 2164 τὴν
508 2077 617 2147 πόλιν.
645 2081 757 2147 ἐδίδου
779 2082 816 2149 δὲ
837 2079 1017 2170 ἀφειδέως·
1039 2082 1086 2151 καὶ
1129 2168 1131 2173 Ι

87 2172 152 2262 γάρ
169 2178 223 2243 καὶ
245 2173 263 2263 ἡ
281 2179 435 2262 περίοδος
450 2182 510 2243 τοῦ
530 2182 652 2262 τείχεος
667 2175 729 2244 οὐκ
746 2176 853 2267 ὀλίγοι
868 2182 1001 2251 στάδιοί
1020 2187 1086 2265 εἰσι,

87 2281 185 2342 τοῦτο
208 2276 244 2341 δέ
265 2281 333 2342 πᾶν
353 2281 461 2344 λίθων
481 2276 638 2361 μεγάλων
660 2273 775 2345 καλ
735 2305 774 2346 ευ
795 2285 1086 2369 συναρμοσμένων.

36 2374 70 2432 64
89 2369 135 2439 Tc»
150 2376 212 2459 μέν
223 2369 264 2459 δὴ
276 2387 381 2458 τείχος
390 2387 474 2442 τοῖσι
483 2382 675 2443 Φωκαιεῦσι
689 2377 801 2468 τρόπῳ
813 2382 931 2469 τοιῷδε
942 2378 1086 2467 ἐξεποιη

84 2481 149 2557 θη,
168 2465 186 2538 ὁ
209 2468 268 2538 δὲ
267 2468 462 2558 Ἅρπαγος*
440 2498 484 2550 ως
498 2469 694 2558 ἐπήλασε
659 2500 721 2558 την
740 2473 915 2563 στρατιην,
937 2477 1088 2597 ἐπολιόρ-

85 2594 140 2636 κεε
155 2565 293 2653 αὐτοδς,
316 2568 556 2656 προισχόμενος
573 2575 670 2655 ἐπεα,
686 2568 730 2647 ώς
742 2575 777 2639 ολ
785 2580 949 2691 καταχρᾷ,
964 2580 997 2643 εί
1010 2572 1087 2663 βοέ-

85 2672 200 2733 λονται
220 2666 387 2743 Φωκαιέες
406 2673 626 2751 προμαχεῶνα
648 2669 707 2734 ἕνα
735 2675 865 2754 μοῦνον
889 2677 950 2739 τοῦ
971 2677 1089 2757 τείχεος

84 2765 138 2847 έρε
140 2773 213 2839 λψαι
224 2762 279 2827 καὶ
291 2770 413 2847 οίκημα
428 2767 465 2829 ἓν
479 2771 668 2850 κατιρῶσαι.
694 2770 728 2834 οί
740 2764 777 2833 δέ
793 2770 960 2847 Φωκαιέες
972 2793 1088 2857 περιη-

83 2859 276 2947 μεκτέοντες
288 2883 328 2945 τῃ
313 2861 534 2949 δουλοσύνῃ
548 2867 678 2948 ἔφασαν
692 2865 824 2932 ἐθέλειν
837 2865 1088 2952 βουλεύσασθαι

83 2953 212 3047 ἡμέρην
232 2963 313 3039 μίαν
257 2958 389 3023 ίκαλ
413 2963 541 3026 ἔπειτεν
557 2957 828 3047 ὑποκρινέεσθαι.
859 2954 939 3030 ἐν
911 2989 937 3054 ην
953 2966 992 3031 δὲ
1007 2972 1088 3053 βον-

84 3053 199 3123 λεύον
206 3080 239 3118 αι
255 3050 365 3139 αὐτοὶ,
389 3052 574 3143 ἀπαγαγεῖν
590 3061 720 3126 ἐκείνου
737 3058 945 3128 ἐκέλευον
909 3087 972 3147 την
989 3082 1089 3183 στρα-

81 3180 158 3242 τιην
178 3149 244 3220 ἀπὸ
260 3179 320 3220 του
306 3154 503 3240 ”.’τείχεος
489 3183 507 3225 ο
523 3156 554 3226 δ’
570 3158 738 3247 Ἅρπαγος
754 3166 867 3248 έφηί
837 3187 852 3226 ε
854 3162 960 3228 δέναι
972 3152 1088 3248 μὲν
1052 3186 1089 3229 ευ

82 3250 123 3322 τὰ
140 3255 193 3320 ε’κε
195 3265 261 3320 ῑνοι
275 3257 427 3340 μέλλοιεν
442 3261 585 3345 ποιέειν,
601 3257 692 3346 ὅμως
708 3263 749 3328 δέ
759 3280 820 3346 σφι
836 3263 994 3349 παριέναι
1006 3269 1089 3350 βον-

82 3351 274 3422 λεάσαοθαι.
300 3346 376 3422 έν
348 3381 374 3446 ῳ
387 3381 436 3425 ων
448 3380 464 3422 ο
472 3354 673 3441 Ἀρπαγος’
654 3355 720 3425 απδ
731 3383 792 3425 του
777 3353 958 3443 ”’τείχεος
937 3359 1089 3447 σπη’γαγε
