2354 3840
154 177 216 243 174
528 184 781 242 HERODOTI

153 343 267 408 παιδία
289 337 425 428 ἀνδρῶν
442 344 628 430 ἐπιχωρίων
650 345 773 430 ἔντομά
797 366 885 429 σφεα
898 345 1051 431 ἐποίησε·
1076 338 1139 431 μιελ

153 437 227 507 ὲ
153 444 249 517 ως
264 439 417 517 ἐπάιστος
438 442 567 525 ἐγένετο
585 466 684 507 τουτο
709 442 928 528 ἐργασμένος,
950 444 1100 527 μισηθείς
1113 462 1139 505 τι

153 539 208 605 καλ
228 536 483 622 διωκόμενος”
456 561 556 629 ητχετο
573 539 712 624 φεύγων
732 545 806 627 τῇσι
828 539 929 624 νηυσὶ
952 539 1006 605 ἐπὶ
1022 525 1177 625 Λιβύης
1176 589 1177 632 ,

154 659 189 700 το
179 631 369 702 ἐνθεῦτεν
384 632 463 702 δὲ”
442 661 526 703 οκου
547 636 724 721 ἐτράπετο,
746 632 904 703 οόκέτι
873 659 964 721 ειχον
978 636 1141 703 είπείνάί-
1176 641 1177 656 ’

150 731 301 816 γάπτιοι·
323 733 454 800 τούτων
477 734 513 799 δὲ
538 760 577 799 τα
567 731 662 818 μέν
685 738 849 820 ἱστορίῃσι
869 737 1003 817 ἔφασαν
1027 733 1139 799 ἐπίσιτ-

151 841 249 914 σθαι,
272 858 311 898 τα
300 828 364 898 δὲ
385 855 452 918 παρ
456 828 633 899 ’ἑωυτοῖσι
651 831 816 917 γενόμενα
838 826 1003 913 ἀτρεκέως
1026 824 1138 895 ἐπιστέ-

149 953 245 1013 μενοι
262 931 380 1013 λέγειν.

91 1048 140 1099 1νο
238 1032 348 1123 Ταῦτα
370 1054 432 1113 μεν
447 1032 691 1114 Αίγνπτίωνοί
710 1028 796 1113 ἱρέες
813 1024 987 1110 ἔλεγον,’
968 1048 1036 1108 εγω
1021 1019 1090 1089 δέ
1105 1024 1139 1109 τηῖ

150 1124 240 1216 λόγω
259 1134 305 1216 τῷ
325 1129 400 1213 περὶ
410 1125 543 1213 Ελένης
563 1127 716 1213 λεχθέντι
739 1127 793 1191 καὶ
810 1119 910 1200 αὐτὸς
924 1124 1138 1205 προστίθεμαι,

149 1223 228 1290 τάδε
246 1224 493 1310 ἐπιλεγόμενος
517 1230 547 1292 εί
561 1250 606 1341 ην
625 1223 799 1307 Ελέυηέν
778 1217 916 1309 νἸλίω,
944 1215 1139 1301 ἀποδοθῆναι

150 1318 193 1388 άν
208 1319 314 1407 αὐτην
330 1336 414 1389 τοῖσι
422 1319 593 1406 Ἐλλησι
571 1317 644 1407 έγτοι
659 1344 794 1398 εκοντος
803 1343 842 1405 γε
858 1343 879 1402 η
866 1311 1055 1391 ”άέτιοντος
1066 1308 1138 1379 Ἀλε-

150 1419 306 1502 ξάνδρου.
330 1417 371 1486 οὐ
387 1416 452 1504 γάρ
473 1416 513 1504 δὴ
531 1416 620 1486 οὕτω
640 1444 677 1503 γε
695 1410 929 1505 φρενοβλαβης
953 1404 999 1500 ἦν
1016 1406 1137 1495 ὁΠρίιι-

149 1542 229 1602 μσς,
248 1515 327 1584 οὐδὲ
353 1523 387 1586 οί
411 1517 506 1586 ἄλλοι
527 1522 563 1585 oc
583 1517 807 1606 προσήκοντες
828 1511 935 1603 αὐτῷ,
965 1508 1052 1579 ιόστε
1070 1516 1159 1575 τοῖσι

151 1617 338 1701 σφετέροισι
353 1616 483 1703 σώμασι
498 1619 552 1683 καὶ
566 1629 651 1682 τοῖσι
667 1617 812 1682 τέκνοισι
827 1614 882 1679 καὶ
892 1637 933 1698 τη
918 1609 1023 1678 πόλι
1038 1610 1139 1675 mdv-

150 1712 264 1779 νεάειν
288 1710 535 1800 έβοάλοντο,’
516 1737 601 1790 οπως
618 1694 832 1799 Ἀλέξανδρος
846 1706 962 1795 Ἑλένη
987 1700 1159 1803 συνοικεόμ-

150 1812 244 1876 είδέ
262 1834 314 1876 τοι
339 1812 394 1876 καλ
424 1811 461 1877 έν
486 1824 571 1878 τοισι
596 1810 757 1896 πράτοισι
782 1806 932 1895 χρόνοισι
956 1809 1061 1872 ταῦτα
1062 1800 1138 1923 έχί·

149 1923 298 1989 νωσκον,
329 1906 398 1972 ἐπεὶ
422 1909 539 1974 πολλοὶ
563 1911 625 1993 μὲν
649 1913 717 1974 τῶν
743 1904 855 1975 άλλων
882 1902 1028 1991 Τράων,
1058 1896 1138 1969 ὁκότε

148 2009 367 2089 συμμίσγοιεν
380 2016 466 2070 τοῖσι
474 2002 625 2091 Έλλησι,
634 2001 856 2090 άπωλλνντο,
873 1998 980 2071 αιἰτου
965 1998 1032 2067 ’δέ
1044 1992 1137 2085 Πριά·
1154 2058 1158 2063 .

147 2123 214 2184 μου
235 2095 297 2165 οὐκ
319 2097 422 2166 έστι”
402 2124 456 2166 οτε
478 2096 520 2166 οά
541 2098 646 2168 δάο’“
624 2116 748 2189 ητρεϊς
767 2128 788 2187 η
783 2099 865 2167 κοιλ
880 2104 929 2168 ἔτι
948 2101 1072 2177 πλέους
1083 2116 1136 2163 τιον

147 2200 277 2262 παίδων
299 2196 403 2283 μάχης
426 2201 604 2285 γινομένης
619 2197 905 2285 άπέθνησκον,ί
875 2224 890 2265 ε
926 2196 991 2285 χρή
1012 2221 1043 2263 τι
1067 2208 1136 2261 τοῖσι

147 2294 331 2359 ἐποποιοῖσι
346 2293 529 2379 χρεόμενον
548 2297 674 2382 λέγειν,
690 2297 820 2364 τούτων
836 2296 873 2363 δὲ
887 2292 1052 2362 τοιούτων
1064 2308 1136 2377 συμ-

144 2389 335 2475 βαινόντων
351 2388 415 2475 έγά
430 2391 493 2475 μὲν
508 2396 709 2479 ἔλπομαι,εί
694 2395 776 2460 ίιιαλ
791 2389 891 2471 αὐτός
900 2397 1054 2481 Πρίαμος
1066 2407 1135 2457 συν-

145 2492 232 2553 οίκεε
243 2483 375 2574 Ελένη,
399 2485 622 2557 άποδοῦναι’“
600 2517 645 2557 αν
657 2488 765 2576 αὐτὴν
779 2505 864 2558 τοῖσι
874 2489 1050 2578 Ἀχαιοῖσι,
1069 2486 1135 2601 μλλ·

144 2583 246 2652 λοντά
261 2608 298 2667 γε
311 2581 350 2668 δη
364 2592 431 2651 τῶν
442 2588 638 2672 παρεόντων
653 2614 766 2655 κακωυ
779 2585 1083 2674 ἀπαλλαγήσεσθαι.
1102 2574 1134 2651 οὗ
1154 2618 1159 2627 ·

143 2682 205 2766 μὲν
220 2677 336 2746 02302‘
319 2707 339 2766 η
361 2689 515 2770 βασιληίη
538 2688 571 2763 ές
586 2682 674 2765 Ἀλέξ
659 2690 803 2772 ξανδρον
819 2692 970 2805 περιηιε,
993 2682 1075 2753 ωστε
1088 2678 1158 2769 γέ·Ι

143 2802 260 2864 ροντος
274 2780 431 2865 Πριάμου
446 2782 559 2860 ἐόντος
580 2780 633 2850 ἐπ’
650 2785 766 2872 ἐκείνω
790 2780 830 2850 τά
852 2781 1031 2869 πρήγματα
1051 2778 1134 2861 εἶναι,

141 2871 221 2946 ἀλλ’
234 2874 361 2964 Εκτωρ
378 2879 433 2945 καλ
452 2880 677 2966 πρεσβύτερος
692 2879 788 2949 καλ’
769 2879 854 2967 ανὴρ
871 2884 1004 2948 ἐκείνου
1020 2884 1134 2964 μᾶλλον

143 2973 208 3042 έών
230 2980 343 3060 έμελλε
368 2974 475 3062 αὐτην
490 2978 647 3064 Πριάμου
671 2975 905 3057 άτιοθανόντος
927 2975 1134 3063 παραλάμύιτ

142 3085 241 3159 σθαι,
269 3071 330 3140 τόν
350 3072 392 3143 οὐ
412 3083 559 3163 προσηκε
580 3075 746 3146 άδικέοντι
767 3083 813 3168 τῷ
833 3073 987 3165 ἀδελφεῷ
1011 3070 1135 3159 έπιτρά·

141 3201 228 3259 πειν,
244 3177 298 3242 καλ
310 3183 413 3243 ταῦτα
424 3177 579 3262 μεγάλων
590 3184 703 3245 κακῶν
715 3175 759 3245 δι’
773 3172 877 3244 αὐτόν
888 3174 1137 3263 συμβαινόντων
1168 3247 1169 3250 ¹

141 3276 208 3360 ίδίη
222 3297 257 3338 τε
272 3269 361 3363 αὐτῷ
377 3277 434 3342 καὶ
446 3289 530 3343 τοῖσι
546 3275 674 3345 ἄλλοισι
689 3284 769 3344 πᾶσι
789 3279 907 3362 Τρωσί.
931 3271 1007 3343 ἀλλ’
1023 3270 1068 3345 σά
1079 3270 1137 3361 γάρ

142 3367 229 3455 εἶχον
239 3366 376 3456 Ἑλένην
393 3370 580 3440 ἀποδοῦναι
598 3371 677 3441 οὐδὲ
691 3376 825 3458 λέγουσι
841 3369 972 3442 αὐτοῖσι
986 3370 1049 3463 τὴν
1063 3368 1137 3461 ἄλη·
