2354 3840
335 218 420 278 LIB·
449 217 495 274 lv.
529 219 627 276 ΟΑΡ
658 219 744 279 85-
757 227 802 282 90
1009 223 1072 286 333

59 378 138 458 σίης
148 368 355 461 Ἀρτέμιδος,
369 376 469 460 χωρὶς
485 371 560 454 ένδς
574 383 677 444 λίθον
693 371 806 463 (οὗτος
817 381 853 449 δὲ
867 392 1072 472 κατελείφθη

59 466 154 555 παρά
176 495 237 538 τον
222 470 428 542 Διονύσου
447 469 509 540 τόν
528 471 615 560 νηόν
630 477 667 543 ἐν
680 483 852 596 Βυζαντίῳ
867 482 1072 568 γραμμάτων

55 566 247 654 ’Δσσυρίων
261 570 386 656 πλέος),
400 594 462 638 του
446 552 512 639 δὲ
527 571 736 659 Βοσπόρου“
722 600 740 642 ο
755 583 871 662 χῦρος,
888 576 949 645 τόν
964 582 1071 660 ἔζευξε

60 662 224 760 βασιλεῦς
237 663 443 754 Δαρείος,’
421 693 465 745 ως
480 670 552 754 ἐμοὶ
567 672 698 738 δοκέειν
714 676 995 764 συμβαλλομένῳ,
1011 677 1071 760 μέ-

64 785 130 832 σον
144 765 212 832 ἐστὶ
225 770 412 844 Βυζαντίου
426 791 462 833 τε
476 768 531 834 καὶ
547 792 609 834 τοῦ
594 768 676 835 ἐπὶ
690 767 829 854 στόματι
842 774 928 858 ίροῦ.

152 871 295 946 Δαρεῖος
311 863 347 931 δε
362 861 443 950 μετά
457 871 561 931 ταῦτα
577 863 695 985 ι’χσθεὶς
715 893 755 956 τη
741 865 932 956 σχεδίῃ
898 894 959 937 τον
976 866 1070 957 άρχι-
1082 894 1117 950 gg

64 965 205 1029 τέκτονα
216 958 318 1049 αὐτῆς
330 962 602 1050 Μανδροκλέα
568 990 628 1031 τον
639 966 772 1052 Σάμιον
786 968 976 1057 ἐδωρήσατο
989 977 1071 1036 πάσι

64 1058 195 1129 δέκα.’
176 1057 236 1129 απ’
254 1053 302 1129 ών
317 1058 357 1149 δὴ
370 1061 645 1149 Μανδροκλέης’
627 1062 797 1152 απαρχὴν,
814 1071 879 1156 ζῷα
896 1065 1086 1158 γραψάμε-

63 1184 124 1237 νος
137 1163 250 1226 πάσαν
263 1156 326 1246 τὴν
342 1165 450 1241 ζεῦξιν
460 1186 522 1228 του
507 1161 711 1248 ’Βοσπόρου
726 1165 782 1231 καὶ
796 1167 935 1250 βασιλέα
949 1191 985 1232 τε
995 1174 1070 1233 Δα-

64 1270 159 1340 ρειον
179 1259 216 1325 έν
238 1264 399 1347 προεδρίῃ
424 1258 612 1346 κατήμενον
635 1257 747 1327 καὶ
708 1281 774 1328 τον
798 1260 943 1349 στρατὸν
964 1259 1070 1329 αὐτοῦ

64 1363 301 1446 διαβαίνοντα,
317 1366 422 1426 ταῦτα
432 1359 646 1446 γραψάμενος
660 1358 808 1446 ἀνέθηκε
822 1358 902 1439 ές
869 1386 905 1427 το
918 1358 1068 1445 Ηραίον,

64 1456 252 1543 ἐπιγράψας
266 1457 362 1525 τάδε·

106 1600 286 1687 Βόσπορον
302 1603 482 1688 ἰχθυόεντα
496 1603 696 1689 γεφυρώσας
711 1599 864 1688 άνέθηκε

150 1704 396 1788 Μανδροκλέης
403 1700 490 1791 Ἥρη
505 1700 724 1789 μνημόσυνον
739 1703 878 1786 σχεδίης,

106 1798 208 1891 Αῦτῷ
223 1802 287 1886 μὲν
302 1804 470 1887 στέφανον
485 1803 652 1887 περιθείς,
677 1806 837 1885 Σαμίοισι
851 1799 888 1864 δὲ
903 1801 1016 1882 κῦδος,

147 1904 300 1985 Δαρείου
314 1901 467 1985 βασιλέος
482 1899 651 1975 ἐκτελέσας
668 1892 751 1963 κατά
767 1901 861 1961 νοῦν.

65 2050 167 2113 ταῦτα
182 2046 245 2128 μέν
266 2068 334 2110 νυν
350 2049 412 2110 τοῦ
428 2043 600 2123 ζεύξαντος
616 2038 678 2128 τὴν
698 2043 853 2127 γέφυραν
869 2039 1069 2126 μνημόσυνα

62 2143 214 2227 ἐγένετο,
228 2150 374 2225 Δαρεῖος
388 2142 424 2206 δὲ
435 2138 671 2226 δωρησάμενος
681 2140 908 2224 Μανδροκλέα
923 2140 1070 2225 διέβαινε
1080 2160 1115 2215 39

62 2241 96 2317 ές
110 2233 173 2323 τὴν
184 2233 373 2323 Εὐρώπην,
390 2251 476 2304 τοῖσι
486 2235 577 2306 Ἴωσι
590 2242 815 2322 παραγγείλας
829 2235 956 2304 πλώειν
967 2239 1000 2314 ές
1010 2231 1071 2303 τόν

62 2335 197 2406 Πόντον
210 2339 305 2422 μέχρι
318 2333 452 2420 Ἴστρου
473 2341 641 2420 ποταμοῦ,
663 2330 767 2400 έπεάν
787 2334 822 2400 δὲ
838 2330 1022 2400 ἀπίκωνται
1037 2334 1070 2409 ές

62 2429 278 2519 τόν”Ιστρον,
295 2434 444 2500 ἐνθαῦτα
455 2428 561 2498 αὐτόν
571 2432 779 2518 περιμένειν,
796 2429 998 2516 ζευγνύντας
1008 2424 1068 2494 τόν

60 2530 226 2616 ποταμόν.
249 2528 286 2598 τό
299 2527 364 2617 γάρ
376 2527 417 2617 δὴ
433 2525 594 2597 ναυτικόν
606 2521 809 2615 ἦγονἽωνές
819 2554 855 2595 τε
865 2531 920 2594 καί
930 2525 1067 2601 Αίολέες

61 2631 118 2697 καί
127 2626 387 2716 Ἑλλησπόντιοι.
410 2627 429 2697 ὁ
444 2629 507 2717 μέν
521 2626 561 2716 δη
576 2623 734 2706 ναυτικὸς
750 2623 888 2716 στρατός
902 2623 961 2705 τάς
971 2633 1048 2694 Κυα

61 2732 143 2806 νέας
160 2728 368 2806 διεκπλώσας
382 2733 489 2797 ἔκλαιε
503 2724 564 2795 mn)
577 2733 638 2794 τοῦ
646 2724 795 2814 Ἴστρου,
818 2722 1017 2802 άναπλώσας
1032 2721 1068 2789 δὲ

62 2822 129 2893 άνά
147 2823 209 2894 τόν
224 2825 376 2913 ποταμόν
397 2831 491 2894 δυών
510 2822 662 2913 ἡμερέων
683 2823 790 2895 πλόον
809 2820 875 2892 άπό
893 2820 1067 2905 θαλάσσης

64 2930 125 2990 τοῦ
140 2931 292 3011 ποταμοῦ
312 2921 372 2992 τόν
394 2922 534 3010 αύχένα,
557 2925 593 2990 έκ
615 2929 678 3012 τοῦ
699 2929 838 3009 σχίζεται
858 2917 899 2987 τά
921 2919 1067 3001 στόματα

63 3027 124 3087 τοῦ
132 3018 282 3108 Ἵστρον,
301 3023 466 3108 ἐζεύγνυε.
493 3032 639 3107 Δαρεῖος
650 3018 686 3087 δὲ
699 3017 744 3097 ὡς
754 3022 847 3105 διέβη
861 3014 922 3085 τόν
931 3014 1068 3083 Βόσπο-

63 3141 126 3199 ρον
140 3115 224 3186 κατά
234 3114 297 3205 τὴν
309 3123 458 3206 σχεδίην,
476 3118 652 3201 ἐπορεύετο
669 3114 725 3184 διά
740 3123 797 3203 τῆς
808 3121 971 3203 Θρηίκης,
989 3109 1069 3180 άπι-

62 3213 206 3302 κόμενος
221 3218 258 3286 δὲ
279 3218 331 3285 ἐπὶ
348 3217 480 3303 Τεάρου
500 3223 652 3303 ποταμοῦ
669 3211 727 3293 τάς
747 3211 855 3300 πηγάς
869 3215 1069 3298 έστρατοπε

62 3313 205 3380 δεύσατο
226 3311 352 3402 ἡμέρας
372 3329 469 3399 τρεῖς.
508 3312 544 3382 Ὁ
568 3312 605 3384 δὲ
621 3315 747 3400 Τέαρος
766 3312 896 3397 λέγεται
911 3307 978 3377 ῦπὸ
1000 3314 1114 3388 τῦνςο

61 3416 244 3491 περιοίκων
259 3411 345 3480 εἶναι
359 3420 519 3499 ποταμῶν
534 3412 670 3496 άριστος
690 3410 732 3479 τά
750 3437 782 3478 τε
800 3409 884 3479 άλλα
901 3411 934 3487 ἐς
951 3405 1067 3475 άκεσιν
