2340 3832
327 173 414 231 ΗΒ.
436 173 468 228 ΙΙ.
505 173 602 228 CAP.
637 177 792 232 Μία-148.
1005 168 1064 230 193

63 336 240 414 Ηφαίστον
269 327 514 416 βασιλεύσαντα
542 325 680 414 (οὐδένα
705 325 770 414 γάρ
794 328 917 415 χρόνον
943 325 1065 398 οἷοίτε

61 422 149 514 ἦσαν
177 427 257 497 ἄνευ
283 428 436 512 βασιλέος
467 429 674 510 διαιτᾶσθαι)
705 425 885 512 ἐστήσαντο
913 427 1064 494 δυόδεκα

62 527 232 612 βασιλέας,
255 521 408 590 δυόδεκα
424 528 543 608 μοίρας
557 522 739 608 δασάμενοι
754 531 929 608 Αἴγυπτον
943 531 1063 590 πᾶσαν.

62 613 156 688 οὑτοι
179 623 353 706 ἐπιγαμίας
378 621 597 706 ποιησάμενοι
621 623 817 707 ἐβασίλευον
842 621 975 708 νόμοισι
996 647 1067 688 τοι-

62 723 133 785 σίδε
154 717 345 804 χρεόμενοι,
377 717 459 803 μήτε
482 719 669 802 καταιρέειν
684 715 849 805 ἀλλήλους
866 719 947 805 μήτε
963 720 1066 785 πλέον
1140 766 1161 787 ,ι

61 842 92 882 τι
107 819 262 902 δίζησθαι
275 819 361 900 ἔχειν
375 811 436 882 τόν
450 815 566 900 ἕτερον
580 819 642 882 τοῦ
659 815 784 905 ἐτέρρυ,
801 815 888 883 εἶναί
895 842 931 882 τε
946 822 1065 901 φίλους

61 909 101 981 τά
126 911 279 998 μάλιστα.
316 915 422 978 τῶνδε
451 910 487 979 δέ
516 915 645 980 εἵνεκεν
671 912 751 992 τοὺς
775 915 902 1000 νόμους
926 913 1067 992 τούτους

62 1011 249 1094 ἐποιεῦντο,
265 1013 407 1094 ἰσχυρῶς
416 1013 701 1094 περιστέλλοντες·
725 1012 900 1099 ἐκέχρηστό
915 1031 975 1097 σφι
989 1008 1064 1079 κατ’

62 1102 165 1194 άρχδς
180 1101 299 1171 αύτίκα
315 1108 556 1191 ἐνισταμένοισι
571 1111 604 1184 ἐς
618 1104 677 1186 τὰς
692 1112 894 1193 τυραννίδας
910 1106 970 1176 τδυ
986 1117 1067 1196 χαλ·

37 1248 40 1253 ·
61 1205 121 1292 κέη
136 1203 241 1290 φιάλη
256 1208 436 1271 σπείσαντα
451 1200 563 1268 αὐτῶν
584 1205 620 1268 ἐν
641 1210 687 1294 τῷ
707 1209 769 1294 ίρῷ
790 1213 851 1273 τοῦ
870 1204 1064 1292 Ἡφαίστου,

40 1307 184 1368 ιτοῦτον
210 1296 341 1385 ἁπάσης
366 1298 579 1388 βασιλεύσειν
602 1301 794 1387 Αἰγύπτου·
820 1305 853 1378 ἐς
877 1299 942 1389 γάρ
963 1298 1004 1386 δὴ
1025 1297 1065 1368 τὰ

63 1399 173 1466 πάντα
194 1395 250 1481 ίρά
268 1403 497 1484 συνελέγοντο.
540 1400 607 1465 Καὶ
627 1399 668 1484 δή
684 1416 744 1482 σφι
759 1398 959 1485 μνημόσυνα
974 1402 1066 1477 ἔδοξε
1083 1415 1134 1469 148

62 1499 219 1565 λιπέσθαι
235 1502 349 1584 κοινῇ,
376 1496 478 1575 δόξαν
495 1499 536 1562 δέ
547 1514 609 1581 σφι
624 1495 822 1583 ἐποιήσαντο
840 1497 1063 1584 λαβύρινθον,

62 1592 177 1680 ὀλίγον
190 1591 275 1681 ὑπὲρ
290 1600 347 1680 τῆς
361 1600 479 1680 λίμνης
491 1600 549 1681 τῆς
562 1601 708 1681 Μοίριος
728 1593 812 1663 κατά
828 1602 1065 1680 Κροκοδείλων

61 1696 268 1779 καλεομένην
288 1692 388 1759 πόλιν
408 1691 551 1778 μάλιστά
576 1719 618 1781 κη
638 1701 810 1780 κείμενον·
833 1691 894 1761 τόν
915 1692 979 1781 ἐγὺ
1000 1691 1064 1781 ἤδη

63 1784 155 1858 εἶδον
171 1789 276 1875 λόγου
291 1789 383 1876 μέζω.
431 1794 461 1855 εί
473 1787 539 1874 γάρ
553 1816 602 1867 τις
617 1789 657 1857 τά
673 1792 706 1869 ἐξ
725 1789 893 1878 Ἑλλήνων
907 1791 1016 1877 τείχεά
1029 1816 1065 1858 τε

61 1889 118 1955 καί
134 1893 243 1974 ἔργων
257 1883 416 1964 ἀπόδεξιν
436 1892 684 1972 συλλογίσαιτο,
714 1887 894 1966 ἐλάσσονος
906 1890 1017 1956 πόνου
1030 1915 1066 1957 τε
1102 1892 1110 1901 ’

59 1979 105 2052 άν
121 1989 177 2054 καί
191 1985 341 2070 δαπάνης
359 1990 462 2070 φανεί
495 1985 593 2052 ἐόντα
614 1991 675 2058 τοῦ
696 1992 909 2072 λαβυρίνθου
924 1988 1064 2054 τούτου·

59 2088 168 2164 καίτοι
183 2080 356 2167 ἀξιόλογός
370 2107 409 2168 γε
429 2011 483 2148 κιδ
504 2078 522 2146 ὁ
541 2082 578 2147 ἐν
596 2078 721 2172 Ἐφέσφ
739 2083 805 2149 ἐστὶ
826 2079 907 2168 νηός
924 2086 978 2151 καί
994 2083 1012 2151 ὁ
1029 2087 1066 2152 ἐν

59 2178 177 2270 Σάμφ.
221 2172 309 2266 ἦσαν
326 2178 389 2264 μέν
404 2206 469 2245 νυν
484 2182 539 2246 καί
554 2183 591 2246 αί
601 2186 785 2267 πυραμίδες
806 2181 911 2269 λόγου
932 2183 1065 2270 μέζονες

59 2281 117 2348 καί
133 2284 268 2346 πολλῶν
289 2276 409 2363 ἑκάστη
427 2275 558 2345 αύτὲων
574 2275 777 2364 Ἑλληνικόν
799 2286 908 2367 ἔργων
927 2286 982 2350 καὶ
1005 2311 1058 2369 με·

60 2378 178 2465 γάλων
193 2373 346 2460 άνταξίη,
369 2372 386 2443 ὁ
404 2377 440 2441 δὲ
456 2372 496 2461 δὴ
511 2375 719 2462 λαβύρινθος
733 2381 788 2445 καί
803 2377 862 2457 τάς
876 2386 1064 2466 πυραμίδας

60 2473 276 2561 ὑπερβάλλει.
318 2481 379 2541 τοῦ
402 2472 468 2558 γάρ
495 2475 648 2541 δυόδεκα
669 2474 732 2560 μὲν
756 2481 818 2542 είσι
843 2474 940 2544 αύλαί.
962 2479 1065 2545 κατά-

61 2592 185 2655 στεγοι,
204 2565 379 2640 άντίπυλοι
395 2566 573 2658 άλληλησι,
597 2574 630 2650 ἓξ
644 2570 707 2657 μὲν
720 2568 804 2657 πρὸς
817 2573 958 2661 βορέην,
980 2579 1012 2655 ἓξ
1028 2575 1064 2643 δέ

59 2663 144 2751 πρὸς
165 2664 267 2731 νότον
286 2665 521 2752 τετραμμέναι,
545 2665 715 2751 συνεχέες·
744 2682 850 2756 τοίχος
876 2670 912 2738 δέ
937 2676 1064 2751 ἐξωθεν

61 2762 170 2844 εδυτός
190 2784 294 2848 σφεας
329 2763 507 2849 περιέργει.
538 2764 700 2850 οἰκήματα
718 2765 749 2832 δ’
766 2768 1063 2855 ἐνεστιδιπλόα,τδι

59 2864 122 2947 μὲν
146 2856 312 2944 ὑπόγαια,
346 2857 385 2926 τά
403 2862 439 2928 δὲ
459 2860 608 2948 μετέωρα
629 2859 681 2928 ἐπ’
703 2864 876 2948 ἐκείνοισι,
903 2873 1064 2949 τρισχίλια

56 2960 222 3053 δριθμὸν,
243 2968 474 3033 πεντακοσίων
487 2965 544 3033 καὶ
557 2968 675 3052 χιλίων
689 2961 839 3053 ἑκάτερα.
867 2963 908 3032 τά
923 2953 985 3050 μέν
998 2993 1064 3034 νυν

56 3069 205 3155 μετέωρα
227 3070 296 3133 των
318 3063 508 3152 οἰκημάτων
531 3063 631 3135 αὐτοί
649 3091 685 3133 τε
713 3061 861 3153 οδρέομεν
883 3065 1063 3148 διεξιόντες

15 3172 18 3177 ’
57 3169 112 3236 καὶ
134 3165 230 3235 αὐτοὶ
251 3167 459 3254 θηησάμενοι
482 3164 760 3256 λέγομεν,τὺδέ
782 3163 895 3235 αύτοῖν
915 3163 1062 3252 ὑπόγαια

58 3270 184 3357 λόγοισι
208 3270 484 3356 ἐπυνθανόμεθα.
515 3275 551 3338 οί
567 3267 631 3357 γάρ
652 3271 851 3348 ἐπεστεῶτες
864 3272 932 3337 τῶν
952 3275 1061 3354 Αίγυ·

23 3426 27 3431 -
60 3379 164 3440 ττίων
179 3370 354 3439 δεικνύναι
369 3369 452 3440 αύτᾶ
468 3369 623 3460 οὐδαμοῖς
631 3367 765 3459 ’ἤθελον
776 3423 787 3459 ,
800 3370 955 3458 φάμενοι
967 3368 1090 3447 &muz

137 3489 235 3526 ηεεοο,
252 3473 274 3524 Ι.
900 3474 944 3526 Y&
1000 3477 1007 3487 “
