2354 3840
316 213 403 269 LlB.
435 213 466 268 ΙΙ.
500 211 598 266 CAP.
634 211 807 269 176-180.
1000 201 1063 264 20⁹

51 365 167 437 πάντα
188 372 263 436 τινά
286 374 482 454 Αἰγυπτίων
504 365 589 435 ὅθεν
610 371 759 453 βιοῦται,
781 361 826 451 μη
847 364 883 431 δέ
904 370 1064 432 ποιεῦντα

53 473 162 536 ταῦτα
182 468 265 553 μηδὲ
285 465 520 553 ἀποφαίνοντα
538 469 670 549 δικαίην
691 462 770 547 ζόην
791 461 975 531 ἰθύνεσθαι
995 471 1064 529 θα-

56 565 157 655 υάτφ.
203 566 325 635 Σόλων
341 565 378 634 δέ
393 563 601 650 δἈθηυαῐος
616 559 730 648 λαβών
745 564 777 642 ἐξ
795 561 970 647 Αἰγύπτου
984 565 1065 626 τοῦ-

55 689 117 732 τον
138 661 198 730 τόν
221 663 330 749 νόμον
353 663 561 750 Ἀθηυαίοισι
586 666 699 746 ἔθετο,
727 659 773 749 τῷ
800 662 920 727 ἐκεῖνοι
944 659 977 736 ἐς
1001 657 1064 724 aasz

56 765 226 850 χρέονται,
250 764 339 831 ἐόντι
357 762 483 853 άμώμφ
499 762 601 852 νόμῳ.
647 765 812 846 Φιλέλλην
827 761 863 827 δὲ
884 758 1064 845 γενόμενος
1082 775 1132 833 178

55 861 75 931 ὃ
90 861 229 946 ’Ἄμασις
243 860 328 929 άλλα
348 890 384 930 τε
397 865 430 941 ἐς
441 861 610 947 Ἑλλήνων
624 862 853 945 μετεξετέρους
873 855 1063 942 ἀπεδέξατο,

57 965 113 1030 καί
125 958 165 1045 δὴ
178 961 233 1027 καί
244 973 329 1027 τοῖσι
343 959 616 1044 ἀπικνευμένοισι
627 959 660 1035 ἐς
667 965 841 1041 Αἰγύπτου
852 960 955 1024 ἔδωκε
965 954 1064 1022 Ναύ-

58 1083 177 1140 κρατιν
192 1056 292 1124 πόλιν
313 1061 501 1144 ἐνοικῆσαι,
523 1071 608 1123 τοῖσι
629 1055 666 1121 δὲ
687 1051 731 1140 μὴ
750 1055 983 1140 βουλομένοισι
1001 1049 1065 1119 αῦ-

57 1164 127 1222 τών
142 1155 281 1240 οἰκέειν,
305 1154 411 1223 αὐτοῦ
430 1155 465 1222 δέ
487 1154 792 1238 ναυτιλλομένοισι,
817 1155 919 1218 έδωκε
934 1150 1064 1237 χώρους

57 1253 301 1342 ἐνιδρύσασθαι
326 1251 461 1342 βωμούς
484 1255 539 1321 καί
562 1255 700 1336 τεμένεα
718 1260 838 1318 θεοῖσι.
866 1246 904 1317 τό
922 1251 983 1334 μέν
998 1271 1064 1313 νυν
1121 1307 1124 1311 ,

57 1355 214 1438 μέγιστον
239 1349 352 1418 αὐτῶν
375 1354 510 1436 τέμενος
531 1353 586 1417 καί
610 1345 901 1434 οῦυομαστότατον
928 1345 985 1414 ἐδυ
1009 1347 1064 1412 καὶ

57 1448 324 1537 χρησιμώτατον,
353 1449 560 1536 καλεόμενον
584 1450 620 1515 δὲ
636 1445 825 1533 Ἑλλήνιον,
855 1451 928 1514 αἵδε
950 1448 1063 1523 πόλιές

57 1556 121 1616 εἰσι
136 1553 173 1615 αἰ
190 1552 365 1634 ἱδρυμέναι
380 1554 493 1635 κοινῇ,
512 1544 635 1614 Ἰώνων
656 1549 719 1631 μὲν
732 1550 813 1622 Χίος
830 1548 885 1612 καί
903 1545 992 1622 Τέως
1007 1545 1062 1611 καί

58 1647 197 1714 Φώκαια
212 1649 266 1714 καὶ
283 1646 507 1732 Κλαζομεναί,
522 1646 686 1725 Δωριέων
700 1644 737 1710 δὲ
746 1639 857 1718 Ῥόδος
874 1645 929 1708 καί
940 1645 1064 1716 Κνίδος

57 1737 375 1826 καίἎλικαρνησσὸς
389 1745 443 1811 καὶ
458 1743 622 1828 Φάσηλις,
647 1744 798 1809 Αἰολέων
821 1740 856 1807 δὲ
871 1738 891 1824 ἡ
908 1747 1064 1822 Μυτιλη-

57 1846 163 1907 ναίων
185 1839 303 1926 μούνη.
337 1842 466 1908 τούτων
485 1843 548 1926 μέν
569 1843 637 1907 ἐστι
658 1847 756 1906 τοῦτο
779 1836 817 1904 τό
835 1841 986 1922 τέμενος,
1009 1835 1064 1902 καὶ

56 1937 245 2022 προστάτας
265 1944 326 2004 τοῦ
343 1941 506 2023 ἐμπορίου
529 1930 628 2004 αῦται
652 1942 689 2004 αί
708 1937 821 2014 πόλιές
837 1941 899 2003 εἰσι
920 1941 957 2002 αί
975 1959 1064 2020 παρ-

56 2039 206 2120 έχουσαι
239 2033 316 2101 ὅσαι
341 2037 376 2102 δὲ
401 2032 499 2102 άλλαι
524 2035 638 2112 πόλιες
663 2039 933 2119 μεταποιεῦνται,
962 2029 1064 2101 οὐδέν

56 2154 117 2218 σφι
133 2131 253 2217 μετεὸν
266 2141 531 2218 μεταποιεῦνται.
554 2136 652 2221 χωρὶς
668 2134 704 2202 δὲ
715 2138 891 2220 Αἰγινῆται
909 2130 961 2201 ἐπ’
979 2134 1064 2200 ἑωυ-

55 2237 124 2298 τώυ
148 2228 328 2314 ίδρύσαυτο
350 2233 485 2317 τέμενος
506 2236 608 2319 Διός,
636 2233 690 2300 καί
711 2229 792 2299 άλλο
809 2233 935 2317 Σάμιοι
947 2229 1063 2318 Ἥρης,
1124 2254 1127 2260 ·

56 2328 111 2395 καί
126 2325 289 2412 Μιλήσιοι
307 2324 524 2408 Ἀπόλλωνος.
566 2324 628 2396 Ἦν
643 2332 680 2397 δέ
695 2327 731 2396 τὸ
753 2327 898 2397 παλαιόν
918 2325 1064 2414 μοόυηὴ
1083 2349 1131 2404 179

58 2423 251 2507 Ναύκρατις
266 2425 426 2510 ἐμπόριον
441 2429 496 2494 καί
507 2426 588 2495 άλλο
601 2425 701 2494 ούδέυ
711 2428 896 2510 Αἰγύπτου.
921 2432 950 2492 εἰ
964 2428 1003 2492 δέ
1014 2450 1064 2502 τις

55 2529 89 2601 ές
109 2528 178 2588 τών
201 2548 233 2589 τι
253 2520 334 2592 ἄλλο
356 2525 530 2611 στομάτων
555 2531 616 2591 τοῦ
635 2531 763 2592 Νείλου
784 2521 950 2608 ἀπίκοιτο,
979 2528 1063 2608 γρῆυ

55 2618 178 2705 ὀμόσαι
194 2616 238 2706 μὴ
261 2621 323 2705 μέν
347 2622 467 2689 ἑκόντα
490 2624 620 2706 ἐλθεῖν,
649 2617 866 2706 ἀπομόσαντα
890 2622 926 2687 δέ
948 2627 987 2707 τῇ
1006 2646 1064 2704 υηι

56 2716 141 2805 αὐτῇ
162 2716 288 2799 πλώειν
313 2720 346 2797 ἐς
367 2716 403 2785 τό
420 2719 624 2805 Κανωβικόν
634 2744 645 2756 ·’
662 2715 684 2804 η’
709 2724 738 2786 εἰ
754 2717 859 2808 μήγε
882 2713 936 2785 οἷά
959 2745 994 2785 τε
1012 2728 1062 2804 εἰη

55 2811 141 2902 πρὸς
155 2811 300 2898 άνέμους
310 2811 446 2895 άυτίους
457 2817 599 2900 πλώειν,
614 2813 655 2883 τά
672 2823 792 2902 φορτία
804 2820 875 2883 ἔδεε
889 2816 1062 2902 περιάγειν

56 2915 94 2981 ἐν
117 2910 231 2998 βάρισι
253 2913 329 2998 περὶ
353 2910 390 2980 τὸ
406 2915 535 3000 Δέλτα,
558 2917 653 3002 μέχρι
675 2907 718 2982 οὗ
738 2912 888 2981 άπίκοιτο
911 2916 944 2990 ἐς
963 2912 1063 2980 Ναύ-

55 3035 183 3098 κρατιν.
208 3007 296 3076 ούτω
311 3015 372 3094 μὲν
388 3008 427 3095 δὴ
445 3012 635 3097 Ναύκρατις
651 3013 827 3096 ἐτετίμητο.
861 3008 1064 3095 Ἀμφικτυό-
1080 3024 1130 3078 180

55 3134 127 3177 νων
141 3105 178 3174 δέ
193 3107 439 3192 μισθωσάντων
459 3107 519 3175 τδν
540 3112 577 3176 έν
591 3116 755 3193 Δελφοῖσι
777 3116 843 3175 νῦν
864 3108 962 3177 ἐόντα
976 3106 1062 3194 νηὸν

55 3210 257 3294 τριηκοσίων
265 3202 438 3270 ταλάντων
453 3201 694 3288 ἐξεργάσασθαι
704 3195 738 3290 (ὁ
752 3200 817 3291 γάρ
827 3201 989 3288 πρότερον
996 3204 1061 3275 ἐών

55 3306 180 3377 αὐτόθι
195 3301 388 3391 αὐτομάτως
404 3305 563 3391 κατεκάη,
586 3302 664 3382 τοὺς
678 3302 837 3389 Δελφούς
852 3305 888 3372 δὲ
903 3307 1062 3391 ἐπέβαλλε

58 3403 316 3492 τεταρτημόριον
330 3408 390 3468 τοῦ
401 3402 616 3487 μισθώματος
626 3399 1061 3489 παρασχεῖν),πλανεόμευοι

140 3515 240 3552 annon.
263 3499 283 3550 1.
889 3502 921 3553 14
1066 3512 1124 3626 Ι
