2354 3840
142 180 206 243 366
523 185 770 246 HERODOTI

142 347 180 410 ἐκ
199 348 256 431 τῆς
269 344 392 431 Σάμου
407 347 554 430 κατῆλθε
567 344 601 421 ἐς
620 338 683 429 τήν
696 340 877 429 Κυρήνην,
901 344 957 410 καί
971 343 1143 432 ἐπικρατή

143 461 203 519 σας
217 449 286 509 τῶν
301 440 507 530 πρηγμάτων
527 447 588 508 τοῦ
603 446 768 528 μαντηίου
783 437 847 508 ούκ
862 442 1045 527 ἐμέμνητο,
1067 438 1146 510 ἀλλά

143 543 237 617 δίκας
249 538 330 618 τούς
346 537 604 616 ἀντιστασιώτας
619 548 707 607 αίτεε
721 545 778 625 τῆς
796 541 924 606 ἑωυτοῦ
939 545 1060 625 φυγῆς.
1083 544 1147 606 τών

142 635 179 704 δὲ
193 638 229 704 οί
240 638 303 722 μέν
316 634 353 704 τό
368 636 529 721 παράπαν
544 638 581 704 ἐκ
592 643 650 722 τῆς
658 635 768 723 χώρης
778 633 1055 723 ἀπαλλάσσοντο,
1070 632 1147 715 τούς

31 748 36 757 ’
143 739 184 804 δέ
203 761 297 815 τινας
319 737 565 825 χειρωσάμενος
586 734 604 805 ὁ
623 734 836 823 Ἀρκεσίλεως
855 738 889 816 ἐς
906 736 1052 824 Κύπρον
1067 733 1145 804 ἀπέ-

142 843 248 902 στειλε
265 836 319 902 ἐπὶ
338 839 520 926 διαφθορῇ.
544 836 685 914 τούτους
698 837 760 921 μέν
780 859 847 901 νυν
861 837 995 903 Κνίδιοι
1011 831 1143 904 ἀπενει-

140 933 283 1016 χθέντας
303 930 388 1020 πρός
405 932 468 1022 τήν
491 937 659 1020 σφετέρην
684 930 869 1018 ἐρρύσαντο
895 935 951 1000 καὶ
975 934 1011 1012 ἐς
1030 933 1144 1021 Θήρην

141 1025 356 1114 ἀπέστειλαν,
378 1030 511 1116 ἐτέρους
531 1030 570 1097 δέ
584 1053 678 1107 τινας
694 1035 763 1096 τών
777 1035 985 1115 Κυρηναίων
1008 1033 1041 1110 ἐς
1059 1029 1144 1119 πύρ-

139 1154 204 1215 γον
223 1129 329 1213 μέγαν
346 1125 560 1216 Ἀγλωμάχου
585 1128 842 1214 καταφυγόντας
864 1126 1036 1198 ίδιωτικδν
1061 1128 1142 1218 ύληι

139 1225 339 1316 περινηήσας
353 1223 597 1314 ὁἈρκεσίλεως
612 1229 782 1314 ἐνέπρησε.
815 1225 939 1315 μαθών
960 1229 999 1299 δὲ
1018 1226 1073 1298 ἐπ’
1095 1231 1137 1310 ἐξ·

141 1325 374 1410 εργασμένοισι
391 1322 428 1392 τό
445 1330 608 1414 μαντήιον
629 1324 687 1394 ἐόν
705 1332 822 1413 τοῦτο,
842 1325 894 1394 ὅτι
914 1353 974 1414 μιν
988 1323 1011 1413 ή
1026 1332 1142 1412 Πυθίη

139 1421 203 1492 ούκ
218 1429 256 1492 έα
267 1421 411 1511 εὑρόντα
426 1427 463 1494 ἐν
478 1434 518 1516 τῇ
532 1433 661 1519 καμίνφ
677 1424 757 1505 τούς
771 1423 943 1513 ἀμφορέας
958 1429 1143 1514 ἐξοπτῆσαι,

139 1527 252 1610 ἐργετο
270 1520 357 1592 ἑκών
377 1530 435 1610 τῆς
449 1532 518 1592 τῶν
533 1531 739 1612 Κυρηναίων
754 1523 886 1607 πόλιος,
912 1528 1097 1610 δειμαίνων
1110 1549 1144 1591 τε

136 1615 198 1687 τόν
212 1625 439 1707 κεχρησμένον
458 1622 612 1690 θάνατον
632 1625 687 1690 καί
708 1622 836 1688 δοκέων
848 1616 1142 1712 τήνάμφίρρυτον

137 1719 300 1807 Κυρήνην
314 1720 408 1789 είναι.
433 1719 496 1808 εἶχε
513 1724 550 1790 δὲ
565 1736 711 1807 γυναῖκα
725 1723 889 1807 συγγενέα
905 1724 1053 1806 ἑωυτοῦ,
1076 1730 1142 1788 θυ-

136 1827 257 1907 γατέρα
278 1818 315 1887 δέ
335 1826 404 1886 τιδν
417 1826 595 1907 Βαρκαίων
613 1826 676 1887 τοῦ
690 1821 860 1907 βασιλέος,
883 1824 929 1908 τῷ
950 1815 1085 1903 οὔνομα
1101 1808 1142 1904 ήν

133 1914 294 2007 Ἀλάζειρ·
309 1918 399 2009 παρά
410 1924 532 1985 τοῦτον
552 1915 760 2001 ἀπικνέεται,
783 1922 842 1983 καί
855 1942 914 2002 μιν
928 1921 1098 2003 Βαρκαῖοί
1108 1939 1142 1981 τε

137 2012 257 2102 ἄνδρες
272 2021 326 2085 καί
339 2026 407 2086 τών
422 2021 459 2087 ἐκ
470 2019 629 2106 Κυρήνης
641 2017 805 2105 φυγάδων
820 2020 907 2097 τινὲς
923 2017 1141 2104 καταμαθόν-

135 2137 188 2189 τες
208 2110 413 2199 ἀγοράζοντα
433 2125 615 2204 κτείνουσι,
637 2116 721 2203 πρὸς
746 2117 782 2184 δέ
806 2119 862 2185 καί
887 2114 948 2183 τὸν
969 2114 1140 2205 πενθερὸν

135 2206 241 2276 αὐτοῦ
258 2203 434 2297 Ἀλάζειρα.
468 2212 680 2302 Ἀρκεσίλεως
706 2220 768 2302 μέν
789 2243 855 2284 νυν
877 2226 941 2285 είτε
964 2215 1054 2285 ἑκών
1079 2227 1139 2286 είτε

134 2305 246 2375 ἀέκων
260 2305 419 2396 ἁμαρτών
431 2318 493 2379 τοῦ
505 2316 657 2398 χρησμοῦ
669 2315 824 2399 ἐξέπλησε
837 2328 960 2398 μοῖραν
976 2312 1042 2400 τήν
1058 2318 1138 2382 ἐων-

70 2419 117 2474 16⁵
133 2412 203 2472 τοῦ.
244 2404 287 2473 Ἡ
301 2406 337 2475 δέ
357 2407 464 2496 μήτηρ
481 2416 662 2496 Φερετίμη,
681 2413 743 2487 ἕως
757 2406 853 2495 μὲνὸ
872 2407 1088 2494 Ἀρκεσίλεως
1104 2413 1137 2478 ἐν

133 2512 173 2594 τῇ
183 2504 300 2595 Βάρκη
315 2511 461 2575 διαιτᾶτο
475 2511 711 2595 ἐξεργασμένος
722 2511 834 2597 ἑωυτῷ
848 2506 970 2592 κακόν,
986 2506 1007 2596 ἡ
1025 2513 1062 2578 δέ
1079 2509 1137 2595 εἶχε

133 2598 217 2688 αὐτή
235 2609 296 2670 τού
308 2603 428 2683 παιδός
441 2602 482 2672 τά
496 2609 594 2692 γέρεα
610 2609 646 2673 ἐν
662 2606 821 2693 Κυρήνη,
845 2608 900 2674 καί
916 2600 1023 2675 τᾶλλα
1039 2634 1136 2694 νεμο·

134 2701 218 2785 μένη
239 2702 295 2767 καί
315 2703 352 2768 ἐν
372 2708 480 2791 βουλή
500 2708 697 2789 παρίζουσα.
733 2703 840 2772 ἐπείτε
863 2706 899 2772 δέ
921 2709 1030 2790 έμαθε
1051 2708 1089 2774 ἐν
1101 2710 1137 2794 τῇ

132 2798 250 2886 Βάρκη
264 2795 485 2892 ἀποθανόντα
500 2806 534 2869 οί
546 2800 605 2870 τόν
619 2807 737 2888 παῖδα,
761 2803 939 2888 φεύγουσα
957 2808 1094 2889 οἰχώκεε
1108 2805 1136 2882 ἐς

132 2904 316 2980 Αἴγυπτον.
339 2889 426 2983 ἦσαν
442 2899 507 2986 γάρ
527 2905 561 2967 οί
575 2902 611 2968 ἐκ
626 2907 687 2968 τοῦ
697 2898 893 2987 Ἀρκεσίλεω
905 2898 1094 2987 εὐεργεσίαι
1108 2903 1135 2978 ἐς

131 2995 321 3082 Καμβύσην
338 2995 400 3063 τόν
423 2999 542 3084 Κύρου
564 3000 801 3086 πεποιημέναι·
836 2991 934 3083 οὗτος
958 2998 1026 3085 γάρ
1050 2993 1133 3087 ήνό

128 3089 356 3183 Ἀρκεσίλεως,
384 3092 423 3176 ός
442 3098 606 3185 Κυρήνην
626 3098 793 3185 Καμβύση
820 3103 923 3166 ἔδωκε
948 3102 1004 3164 καὶ
1029 3098 1133 3187 φόρον

47 3193 51 3201 ’
131 3193 274 3272 ἐτάξατο.
298 3191 483 3282 ἀπικομένη
499 3197 536 3264 δὲ
551 3201 583 3276 ές
593 3195 801 3284 Αίγυπτονη
816 3202 979 3283 Φερετίμη
993 3196 1133 3286 Ἀρυάν·

131 3297 197 3359 δεω
210 3296 309 3371 ίκέτις
325 3297 428 3381 ἕζετο,
443 3303 628 3384 τιμωρῆσαι
641 3298 748 3384 ἑωυτῇ
759 3297 963 3382 κελεύουσα,
978 3315 1131 3384 προέσχο-

130 3395 213 3478 μένη
224 3393 413 3479 πρόφασιν,
434 3394 479 3475 ὡς
493 3394 549 3464 διά
560 3395 620 3464 τόν
631 3394 800 3482 μηδισμὸν
812 3393 830 3464 ὁ
842 3409 920 3474 παῖς
935 3400 968 3463 οί
980 3399 1130 3482 τέθνηκε
