<?xml version="1.0" encoding="UTF-8"?>
<!DOCTYPE html PUBLIC "-//W3C//DTD XHTML 1.0 Transitional//EN"
    "http://www.w3.org/TR/xhtml1/DTD/xhtml1-transitional.dtd">
<html xmlns="http://www.w3.org/1999/xhtml" xml:lang="en" lang="en">
 <head>
  <title>
</title>
<meta http-equiv="Content-Type" content="text/html;charset=utf-8" />
  <meta name='ocr-system' content='tesseract 3.04.00' />
  <meta name='ocr-capabilities' content='ocr_page ocr_carea ocr_par ocr_line ocrx_word'/>
</head>
<body>
  <div class='ocr_page' id='page_1' title='image "./herodotihistori03herogoog_0310.png"; bbox 0 0 2354 3840; ppageno 0'>
   <div class='ocr_carea' id='block_1_1' title="bbox 330 175 1081 243">
    <p class='ocr_par' dir='ltr' id='par_1_1' title="bbox 330 175 1081 243">
     <span class='ocr_line' id='line_1_1' title="bbox 330 175 1081 243; baseline 0.016 -12"><span class='ocrx_word' id='word_1_1' title='bbox 330 175 412 233; x_wconf 88' lang='lat' dir='ltr'><strong>LIB.</strong></span> <span class='ocrx_word' id='word_1_2' title='bbox 444 177 490 235; x_wconf 87' lang='lat'>111.</span> <span class='ocrx_word' id='word_1_3' title='bbox 524 175 625 236; x_wconf 77' lang='lat' dir='ltr'><strong>cAP.</strong></span> <span class='ocrx_word' id='word_1_4' title='bbox 661 182 835 241; x_wconf 64' lang='lat' dir='ltr'><strong><em>las-1³8.</em></strong></span> <span class='ocrx_word' id='word_1_5' title='bbox 1018 180 1081 243; x_wconf 65' lang='lat'><strong><em>283</em></strong></span> 
     </span>
    </p>
   </div>
   <div class='ocr_carea' id='block_1_2' title="bbox 46 331 1152 3470">
    <p class='ocr_par' dir='ltr' id='par_1_2' title="bbox 46 331 1152 3470">
     <span class='ocr_line' id='line_1_2' title="bbox 46 331 1082 423; baseline 0.011 -25"><span class='ocrx_word' id='word_1_6' title='bbox 46 386 49 395; x_wconf 96' lang='lat'><em>.</em></span> <span class='ocrx_word' id='word_1_7' title='bbox 76 335 113 400; x_wconf 87' lang='grc' dir='ltr'><strong><em>σί</em></strong></span> <span class='ocrx_word' id='word_1_8' title='bbox 132 335 261 420; x_wconf 88' lang='grc' dir='ltr'><strong><em>Πέρσαι</em></strong></span> <span class='ocrx_word' id='word_1_9' title='bbox 291 336 347 402; x_wconf 75' lang='grc' dir='ltr'><strong><em>καὶ</em></strong></span> <span class='ocrx_word' id='word_1_10' title='bbox 370 331 550 413; x_wconf 72' lang='grc' dir='ltr'><strong><em>διήκοντες</em></strong></span> <span class='ocrx_word' id='word_1_11' title='bbox 577 335 780 423; x_wconf 76' lang='grc' dir='ltr'><em>Δημοκήδεα</em></span> <span class='ocrx_word' id='word_1_12' title='bbox 808 335 1021 409; x_wconf 77' lang='grc' dir='ltr'><strong><em>ἀπικνέονται</em></strong></span> <span class='ocrx_word' id='word_1_13' title='bbox 1047 342 1082 420; x_wconf 89' lang='grc' dir='ltr'><strong><em>ἐς</em></strong></span> 
     </span>
     <span class='ocr_line' id='line_1_3' title="bbox 75 427 1079 520; baseline 0.005 -21"><span class='ocrx_word' id='word_1_14' title='bbox 75 427 139 517; x_wconf 86' lang='grc' dir='ltr'><strong><em>τήν</em></strong></span> <span class='ocrx_word' id='word_1_15' title='bbox 167 429 348 518; x_wconf 86' lang='grc' dir='ltr'><strong><em>Κρότωνα,</em></strong></span> <span class='ocrx_word' id='word_1_16' title='bbox 380 427 536 518; x_wconf 77' lang='grc' dir='ltr'><strong><em>εὑρόντες</em></strong></span> <span class='ocrx_word' id='word_1_17' title='bbox 557 433 597 498; x_wconf 88' lang='grc' dir='ltr'><strong><em>δέ</em></strong></span> <span class='ocrx_word' id='word_1_18' title='bbox 621 457 681 516; x_wconf 92' lang='grc' dir='ltr'><strong><em>μιν</em></strong></span> <span class='ocrx_word' id='word_1_19' title='bbox 709 429 917 520; x_wconf 76' lang='grc' dir='ltr'><strong><em>ἀγοράζοντα</em></strong></span> <span class='ocrx_word' id='word_1_20' title='bbox 932 434 1079 505; x_wconf 75' lang='grc' dir='ltr'><strong><em>ἅπτοντο</em></strong></span> 
     </span>
     <span class='ocr_line' id='line_1_4' title="bbox 75 525 1152 619; baseline 0.007 -25"><span class='ocrx_word' id='word_1_21' title='bbox 75 525 193 597; x_wconf 75' lang='grc' dir='ltr'><strong><em>αὐτοῦ.</em></strong></span> <span class='ocrx_word' id='word_1_22' title='bbox 224 534 293 597; x_wconf 77' lang='grc' dir='ltr'><strong><em>τόν</em></strong></span> <span class='ocrx_word' id='word_1_23' title='bbox 315 527 352 596; x_wconf 73' lang='grc' dir='ltr'><strong><em>δέ</em></strong></span> <span class='ocrx_word' id='word_1_24' title='bbox 367 530 629 613; x_wconf 77' lang='grc' dir='ltr'><strong><em>Κροτωνιητέων</em></strong></span> <span class='ocrx_word' id='word_1_25' title='bbox 652 533 687 597; x_wconf 88' lang='grc' dir='ltr'><strong><em>οί</em></strong></span> <span class='ocrx_word' id='word_1_26' title='bbox 709 533 772 616; x_wconf 76' lang='grc' dir='ltr'><strong><em>μέν</em></strong></span> <span class='ocrx_word' id='word_1_27' title='bbox 793 537 1081 619; x_wconf 76' lang='grc' dir='ltr'><strong><em>καταρρωδέοντες</em></strong></span> <span class='ocrx_word' id='word_1_28' title='bbox 1150 572 1152 577; x_wconf 93' lang='grc'><strong><em>·</em></strong></span> 
     </span>
     <span class='ocr_line' id='line_1_5' title="bbox 76 620 1080 716; baseline 0.006 -23"><span class='ocrx_word' id='word_1_29' title='bbox 76 621 272 711; x_wconf 88' lang='grc' dir='ltr'><strong><em>τάΠερσικά</em></strong></span> <span class='ocrx_word' id='word_1_30' title='bbox 282 625 459 711; x_wconf 88' lang='grc' dir='ltr'><strong><em>πρήγματα</em></strong></span> <span class='ocrx_word' id='word_1_31' title='bbox 469 627 624 711; x_wconf 73' lang='grc' dir='ltr'><strong><em>προϊέναι</em></strong></span> <span class='ocrx_word' id='word_1_32' title='bbox 638 628 762 712; x_wconf 76' lang='grc' dir='ltr'><strong><em>ἕτοιμοι</em></strong></span> <span class='ocrx_word' id='word_1_33' title='bbox 773 620 871 716; x_wconf 88' lang='grc' dir='ltr'><strong><em>ήσαν,</em></strong></span> <span class='ocrx_word' id='word_1_34' title='bbox 881 635 916 698; x_wconf 88' lang='grc' dir='ltr'><strong><em>οί</em></strong></span> <span class='ocrx_word' id='word_1_35' title='bbox 927 627 963 698; x_wconf 67' lang='grc' dir='ltr'><strong><em>δὲ</em></strong></span> <span class='ocrx_word' id='word_1_36' title='bbox 975 627 1080 698; x_wconf 90' lang='grc' dir='ltr'><strong><em>ἀντά-</em></strong></span> 
     </span>
     <span class='ocr_line' id='line_1_6' title="bbox 74 721 1079 809; baseline 0.004 -19"><span class='ocrx_word' id='word_1_37' title='bbox 74 721 200 792; x_wconf 90' lang='grc' dir='ltr'><strong><em>πτοντό</em></strong></span> <span class='ocrx_word' id='word_1_38' title='bbox 229 746 265 788; x_wconf 91' lang='grc' dir='ltr'><strong><em>τε</em></strong></span> <span class='ocrx_word' id='word_1_39' title='bbox 292 723 349 788; x_wconf 82' lang='grc' dir='ltr'><strong><em>καὶ</em></strong></span> <span class='ocrx_word' id='word_1_40' title='bbox 377 734 463 787; x_wconf 79' lang='grc' dir='ltr'><strong><em>τοῖσι</em></strong></span> <span class='ocrx_word' id='word_1_41' title='bbox 487 722 683 791; x_wconf 76' lang='grc' dir='ltr'><strong><em>σκυτάλοισι</em></strong></span> <span class='ocrx_word' id='word_1_42' title='bbox 710 729 828 792; x_wconf 71' lang='grc' dir='ltr'><strong><em>ἔπαιον</em></strong></span> <span class='ocrx_word' id='word_1_43' title='bbox 854 722 933 805; x_wconf 81' lang='grc' dir='ltr'><strong><em>τούς</em></strong></span> <span class='ocrx_word' id='word_1_44' title='bbox 946 730 1079 809; x_wconf 79' lang='grc' dir='ltr'><strong><em>Πέρσας</em></strong></span> 
     </span>
     <span class='ocr_line' id='line_1_7' title="bbox 73 818 1077 911; baseline 0.004 -23"><span class='ocrx_word' id='word_1_45' title='bbox 73 820 339 909; x_wconf 74' lang='grc' dir='ltr'><strong><em>προεσχομένους</em></strong></span> <span class='ocrx_word' id='word_1_46' title='bbox 355 823 435 886; x_wconf 81' lang='grc' dir='ltr'><strong><em>ἔπεα</em></strong></span> <span class='ocrx_word' id='word_1_47' title='bbox 451 820 547 886; x_wconf 90' lang='grc' dir='ltr'><strong><em>τάδε·</em></strong></span> <span class='ocrx_word' id='word_1_48' title='bbox 561 818 700 908; x_wconf 83' lang='grc' dir='ltr'><strong><em>’Ἀνδρες</em></strong></span> <span class='ocrx_word' id='word_1_49' title='bbox 715 828 962 911; x_wconf 83' lang='grc' dir='ltr'><strong><em>Κροτωνιῆται,</em></strong></span> <span class='ocrx_word' id='word_1_50' title='bbox 979 821 1077 911; x_wconf 83' lang='grc' dir='ltr'><strong><em>δρᾶτε</em></strong></span> 
     </span>
     <span class='ocr_line' id='line_1_8' title="bbox 73 913 1078 1009; baseline 0.004 -24"><span class='ocrx_word' id='word_1_51' title='bbox 73 914 113 986; x_wconf 88' lang='grc' dir='ltr'><strong><em>τά</em></strong></span> <span class='ocrx_word' id='word_1_52' title='bbox 128 918 274 984; x_wconf 69' lang='grc' dir='ltr'><strong><em>ποιέετε</em></strong></span> <span class='ocrx_word' id='word_1_53' title='bbox 303 913 411 1002; x_wconf 82' lang='grc' dir='ltr'><strong><em>ἀνδρα</em></strong></span> <span class='ocrx_word' id='word_1_54' title='bbox 426 918 580 1002; x_wconf 76' lang='grc' dir='ltr'><strong><em>βασιλέος</em></strong></span> <span class='ocrx_word' id='word_1_55' title='bbox 602 922 769 1006; x_wconf 76' lang='grc' dir='ltr'><strong><em>δρηπέτην</em></strong></span> <span class='ocrx_word' id='word_1_56' title='bbox 789 921 975 1009; x_wconf 90' lang='grc' dir='ltr'><strong><em>γενόμενον</em></strong></span> <span class='ocrx_word' id='word_1_57' title='bbox 989 924 1078 1002; x_wconf 84' lang='grc' dir='ltr'><strong><em>ἐξαι-</em></strong></span> 
     </span>
     <span class='ocr_line' id='line_1_9' title="bbox 73 1016 1077 1106; baseline 0.005 -23"><span class='ocrx_word' id='word_1_58' title='bbox 73 1018 203 1104; x_wconf 86' lang='grc' dir='ltr'><strong><em>ρέεσθε.</em></strong></span> <span class='ocrx_word' id='word_1_59' title='bbox 226 1018 293 1093; x_wconf 78' lang='grc' dir='ltr'><strong><em>κῶς</em></strong></span> <span class='ocrx_word' id='word_1_60' title='bbox 313 1019 417 1080; x_wconf 86' lang='grc' dir='ltr'><strong><em>ταῦτα</em></strong></span> <span class='ocrx_word' id='word_1_61' title='bbox 434 1016 565 1100; x_wconf 82' lang='grc' dir='ltr'><strong><em>βασιλέι·</em></strong></span> <span class='ocrx_word' id='word_1_62' title='bbox 576 1022 712 1105; x_wconf 76' lang='grc' dir='ltr'><strong><em>Δαρείῳ</em></strong></span> <span class='ocrx_word' id='word_1_63' title='bbox 733 1019 885 1104; x_wconf 79' lang='grc' dir='ltr'><strong><em>ἐκχρήσει</em></strong></span> <span class='ocrx_word' id='word_1_64' title='bbox 901 1025 1077 1106; x_wconf 82' lang='grc' dir='ltr'><strong><em>περιυβρί-</em></strong></span> 
     </span>
     <span class='ocr_line' id='line_1_10' title="bbox 72 1109 1077 1204; baseline 0.002 -21"><span class='ocrx_word' id='word_1_65' title='bbox 72 1124 174 1194; x_wconf 75' lang='grc' dir='ltr'><strong><em>σθαις</em></strong></span> <span class='ocrx_word' id='word_1_66' title='bbox 195 1118 262 1191; x_wconf 76' lang='grc' dir='ltr'><strong><em>κός</em></strong></span> <span class='ocrx_word' id='word_1_67' title='bbox 279 1113 316 1180; x_wconf 74' lang='grc' dir='ltr'><strong><em>δὲ</em></strong></span> <span class='ocrx_word' id='word_1_68' title='bbox 330 1109 411 1198; x_wconf 79' lang='grc' dir='ltr'><strong><em>ὑμῖν</em></strong></span> <span class='ocrx_word' id='word_1_69' title='bbox 423 1110 464 1180; x_wconf 90' lang='grc' dir='ltr'><strong><em>τά</em></strong></span> <span class='ocrx_word' id='word_1_70' title='bbox 478 1114 663 1200; x_wconf 81' lang='grc' dir='ltr'><strong><em>ποιεόμενα</em></strong></span> <span class='ocrx_word' id='word_1_71' title='bbox 678 1118 742 1196; x_wconf 78' lang='grc' dir='ltr'><strong><em>ἕξει</em></strong></span> <span class='ocrx_word' id='word_1_72' title='bbox 754 1125 879 1202; x_wconf 82' lang='grc' dir='ltr'><strong><em>καλῶς,</em></strong></span> <span class='ocrx_word' id='word_1_73' title='bbox 894 1112 942 1204; x_wconf 82' lang='grc' dir='ltr'><strong><em>ήνΙ</em></strong></span> <span class='ocrx_word' id='word_1_74' title='bbox 953 1115 1077 1203; x_wconf 87' lang='grc' dir='ltr'><strong><em>ἀπέλη-</em></strong></span> 
     </span>
     <span class='ocr_line' id='line_1_11' title="bbox 71 1206 1076 1300; baseline 0 -20"><span class='ocrx_word' id='word_1_75' title='bbox 71 1222 138 1281; x_wconf 90' lang='grc' dir='ltr'><strong><em>σθε</em></strong></span> <span class='ocrx_word' id='word_1_76' title='bbox 151 1206 272 1300; x_wconf 75' lang='grc' dir='ltr'><strong><em>ήμέαςς</em></strong></span> <span class='ocrx_word' id='word_1_77' title='bbox 296 1212 349 1278; x_wconf 80' lang='grc' dir='ltr'><strong><em>ἐπὶ</em></strong></span> <span class='ocrx_word' id='word_1_78' title='bbox 362 1217 437 1278; x_wconf 91' lang='grc' dir='ltr'><strong><em>τίνα</em></strong></span> <span class='ocrx_word' id='word_1_79' title='bbox 452 1209 488 1278; x_wconf 76' lang='grc' dir='ltr'><strong><em>δὲ</em></strong></span> <span class='ocrx_word' id='word_1_80' title='bbox 502 1216 601 1297; x_wconf 79' lang='grc' dir='ltr'><strong><em>τῆσδε</em></strong></span> <span class='ocrx_word' id='word_1_81' title='bbox 616 1216 783 1299; x_wconf 84' lang='grc' dir='ltr'><strong><em>προτέρην</em></strong></span> <span class='ocrx_word' id='word_1_82' title='bbox 803 1215 1076 1300; x_wconf 77' lang='grc' dir='ltr'><strong><em>στρατευσόμεθα</em></strong></span> 
     </span>
     <span class='ocr_line' id='line_1_12' title="bbox 71 1308 1076 1401; baseline 0.002 -23"><span class='ocrx_word' id='word_1_83' title='bbox 71 1311 190 1392; x_wconf 81' lang='grc' dir='ltr'><strong><em>πόλιν;</em></strong></span> <span class='ocrx_word' id='word_1_84' title='bbox 216 1316 290 1378; x_wconf 90' lang='grc' dir='ltr'><strong><em>τίνα</em></strong></span> <span class='ocrx_word' id='word_1_85' title='bbox 311 1309 347 1377; x_wconf 80' lang='grc' dir='ltr'><strong><em>δέ</em></strong></span> <span class='ocrx_word' id='word_1_86' title='bbox 368 1314 537 1397; x_wconf 82' lang='grc' dir='ltr'><strong><em>προτέρην</em></strong></span> <span class='ocrx_word' id='word_1_87' title='bbox 553 1308 857 1398; x_wconf 75' lang='grc' dir='ltr'><strong><em>ἀνδραποδίζεσθαι</em></strong></span> <span class='ocrx_word' id='word_1_88' title='bbox 874 1314 1076 1401; x_wconf 87' lang='grc' dir='ltr'><strong><em>πειρησόμε-</em></strong></span> 
     </span>
     <span class='ocr_line' id='line_1_13' title="bbox 69 1404 1076 1495; baseline 0.002 -18"><span class='ocrx_word' id='word_1_89' title='bbox 69 1418 138 1490; x_wconf 82' lang='grc' dir='ltr'><strong><em>θας</em></strong></span> <span class='ocrx_word' id='word_1_90' title='bbox 170 1415 283 1476; x_wconf 84' lang='grc' dir='ltr'><strong><em>Ταῦτα</em></strong></span> <span class='ocrx_word' id='word_1_91' title='bbox 301 1410 455 1495; x_wconf 88' lang='grc' dir='ltr'><strong><em>λέγοντες</em></strong></span> <span class='ocrx_word' id='word_1_92' title='bbox 474 1406 554 1487; x_wconf 82' lang='grc' dir='ltr'><strong><em>τούς</em></strong></span> <span class='ocrx_word' id='word_1_93' title='bbox 571 1410 807 1495; x_wconf 81' lang='grc' dir='ltr'><strong><em>Κροτωνιήτας</em></strong></span> <span class='ocrx_word' id='word_1_94' title='bbox 828 1409 891 1479; x_wconf 82' lang='grc' dir='ltr'><strong><em>οὐκ</em></strong></span> <span class='ocrx_word' id='word_1_95' title='bbox 913 1404 962 1481; x_wconf 77' lang='grc' dir='ltr'><strong><em>(ἀν</em></strong></span> <span class='ocrx_word' id='word_1_96' title='bbox 985 1418 1076 1480; x_wconf 87' lang='grc' dir='ltr'><strong><em>ἐπει-</em></strong></span> 
     </span>
     <span class='ocr_line' id='line_1_14' title="bbox 70 1502 1076 1594; baseline 0.002 -20"><span class='ocrx_word' id='word_1_97' title='bbox 70 1517 156 1593; x_wconf 86' lang='grc' dir='ltr'><strong><em>θον,</em></strong></span> <span class='ocrx_word' id='word_1_98' title='bbox 172 1502 246 1574; x_wconf 85' lang='grc' dir='ltr'><strong><em>ἀλλ’</em></strong></span> <span class='ocrx_word' id='word_1_99' title='bbox 263 1507 489 1593; x_wconf 78' lang='grc' dir='ltr'><strong><em>ἐξαιρεθέντες</em></strong></span> <span class='ocrx_word' id='word_1_100' title='bbox 504 1530 541 1573; x_wconf 89' lang='grc' dir='ltr'><strong><em>τε</em></strong></span> <span class='ocrx_word' id='word_1_101' title='bbox 551 1502 612 1573; x_wconf 87' lang='grc' dir='ltr'><strong><em>τόν</em></strong></span> <span class='ocrx_word' id='word_1_102' title='bbox 626 1506 829 1592; x_wconf 82' lang='grc' dir='ltr'><strong><em>Δημοκήδεα</em></strong></span> <span class='ocrx_word' id='word_1_103' title='bbox 844 1505 974 1576; x_wconf 76' lang='grc' dir='ltr'><strong><em>καὶτὸν</em></strong></span> <span class='ocrx_word' id='word_1_104' title='bbox 989 1535 1076 1594; x_wconf 84' lang='grc' dir='ltr'><strong><em>γαυ-</em></strong></span> 
     </span>
     <span class='ocr_line' id='line_1_15' title="bbox 70 1598 1074 1689; baseline 0 -17"><span class='ocrx_word' id='word_1_105' title='bbox 70 1600 149 1688; x_wconf 88' lang='grc' dir='ltr'><strong><em>λόν,</em></strong></span> <span class='ocrx_word' id='word_1_106' title='bbox 176 1598 239 1670; x_wconf 84' lang='grc' dir='ltr'><strong><em>τόν</em></strong></span> <span class='ocrx_word' id='word_1_107' title='bbox 255 1599 324 1688; x_wconf 80' lang='grc' dir='ltr'><strong><em>ἅμα</em></strong></span> <span class='ocrx_word' id='word_1_108' title='bbox 338 1599 479 1689; x_wconf 87' lang='grc' dir='ltr'><strong><em>ήγοντο,</em></strong></span> <span class='ocrx_word' id='word_1_109' title='bbox 509 1599 750 1686; x_wconf 78' lang='grc' dir='ltr'><strong><em>ἀπαιρεθέντες</em></strong></span> <span class='ocrx_word' id='word_1_110' title='bbox 772 1600 950 1673; x_wconf 78' lang='grc' dir='ltr'><strong><em>ἀπέπλωον</em></strong></span> <span class='ocrx_word' id='word_1_111' title='bbox 968 1602 1074 1674; x_wconf 82' lang='grc' dir='ltr'><strong><em>ὀπίσω</em></strong></span> 
     </span>
     <span class='ocr_line' id='line_1_16' title="bbox 70 1697 1074 1791; baseline 0.001 -21"><span class='ocrx_word' id='word_1_112' title='bbox 70 1706 104 1782; x_wconf 83' lang='grc' dir='ltr'><strong><em>ές</em></strong></span> <span class='ocrx_word' id='word_1_113' title='bbox 115 1698 177 1788; x_wconf 88' lang='grc' dir='ltr'><strong><em>τήν</em></strong></span> <span class='ocrx_word' id='word_1_114' title='bbox 189 1697 319 1786; x_wconf 80' lang='grc' dir='ltr'><strong><em>Ἀσίην,</em></strong></span> <span class='ocrx_word' id='word_1_115' title='bbox 335 1698 410 1768; x_wconf 83' lang='grc' dir='ltr'><strong><em>οὐδ’</em></strong></span> <span class='ocrx_word' id='word_1_116' title='bbox 428 1707 476 1770; x_wconf 79' lang='grc' dir='ltr'><strong><em>ἔτι</em></strong></span> <span class='ocrx_word' id='word_1_117' title='bbox 489 1703 650 1789; x_wconf 73' lang='grc' dir='ltr'><strong><em>ἐζήτησαν</em></strong></span> <span class='ocrx_word' id='word_1_118' title='bbox 664 1699 701 1768; x_wconf 89' lang='grc' dir='ltr'><strong><em>τό</em></strong></span> <span class='ocrx_word' id='word_1_119' title='bbox 718 1705 917 1789; x_wconf 86' lang='grc' dir='ltr'><strong><em>προσωτέρω</em></strong></span> <span class='ocrx_word' id='word_1_120' title='bbox 934 1709 992 1791; x_wconf 82' lang='grc' dir='ltr'><strong><em>τῆς</em></strong></span> <span class='ocrx_word' id='word_1_121' title='bbox 1000 1700 1074 1771; x_wconf 84' lang='grc' dir='ltr'><strong><em>Ἑλ-</em></strong></span> 
     </span>
     <span class='ocr_line' id='line_1_17' title="bbox 72 1795 1071 1887; baseline -0.001 -20"><span class='ocrx_word' id='word_1_122' title='bbox 72 1798 172 1876; x_wconf 85' lang='grc' dir='ltr'><strong><em>λάδος</em></strong></span> <span class='ocrx_word' id='word_1_123' title='bbox 186 1795 385 1884; x_wconf 86' lang='grc' dir='ltr'><strong><em>ἀπικόμενοι</em></strong></span> <span class='ocrx_word' id='word_1_124' title='bbox 400 1802 579 1886; x_wconf 75' lang='grc' dir='ltr'><strong><em>ἐκμαθεῖν,</em></strong></span> <span class='ocrx_word' id='word_1_125' title='bbox 595 1801 806 1886; x_wconf 78' lang='grc' dir='ltr'><strong><em>ἐστερημένοι</em></strong></span> <span class='ocrx_word' id='word_1_126' title='bbox 820 1809 881 1867; x_wconf 88' lang='grc' dir='ltr'><strong><em>τοῦ</em></strong></span> <span class='ocrx_word' id='word_1_127' title='bbox 897 1798 1071 1887; x_wconf 80' lang='grc' dir='ltr'><strong><em>ἡγεμόνος.</em></strong></span> 
     </span>
     <span class='ocr_line' id='line_1_18' title="bbox 68 1894 1074 1984; baseline 0 -19"><span class='ocrx_word' id='word_1_128' title='bbox 68 1896 209 1965; x_wconf 87' lang='grc' dir='ltr'><strong><em>τοσόνδε</em></strong></span> <span class='ocrx_word' id='word_1_129' title='bbox 236 1899 350 1981; x_wconf 86' lang='grc' dir='ltr'><strong><em>μέντοι</em></strong></span> <span class='ocrx_word' id='word_1_130' title='bbox 378 1897 563 1964; x_wconf 83' lang='grc' dir='ltr'><strong><em>ἐνετείλατό</em></strong></span> <span class='ocrx_word' id='word_1_131' title='bbox 595 1917 656 1983; x_wconf 88' lang='grc' dir='ltr'><strong><em>σφι</em></strong></span> <span class='ocrx_word' id='word_1_132' title='bbox 676 1896 879 1984; x_wconf 88' lang='grc' dir='ltr'><strong><em>Δημοκήδης</em></strong></span> <span class='ocrx_word' id='word_1_133' title='bbox 907 1894 1074 1984; x_wconf 86' lang='grc' dir='ltr'><strong><em>ἀναγομέ-</em></strong></span> 
     </span>
     <span class='ocr_line' id='line_1_19' title="bbox 69 1992 1072 2085; baseline -0.003 -21"><span class='ocrx_word' id='word_1_134' title='bbox 69 2015 175 2082; x_wconf 93' lang='grc' dir='ltr'><strong><em>νοισι,</em></strong></span> <span class='ocrx_word' id='word_1_135' title='bbox 187 1995 336 2062; x_wconf 80' lang='grc' dir='ltr'><strong><em>κελεύων</em></strong></span> <span class='ocrx_word' id='word_1_136' title='bbox 352 2000 457 2062; x_wconf 78' lang='grc' dir='ltr'><strong><em>εἰπεῖν</em></strong></span> <span class='ocrx_word' id='word_1_137' title='bbox 472 1998 576 2081; x_wconf 87' lang='grc' dir='ltr'><strong><em>σφέας</em></strong></span> <span class='ocrx_word' id='word_1_138' title='bbox 591 2000 745 2085; x_wconf 77' lang='grc' dir='ltr'><strong><em>Δαρείῳ,</em></strong></span> <span class='ocrx_word' id='word_1_139' title='bbox 767 1992 819 2062; x_wconf 85' lang='grc' dir='ltr'><strong><em>ότι</em></strong></span> <span class='ocrx_word' id='word_1_140' title='bbox 832 1993 994 2082; x_wconf 84' lang='grc' dir='ltr'><strong><em>ἀρμοσται</em></strong></span> <span class='ocrx_word' id='word_1_141' title='bbox 1011 1992 1072 2081; x_wconf 84' lang='grc' dir='ltr'><strong><em>τήν</em></strong></span> 
     </span>
     <span class='ocr_line' id='line_1_20' title="bbox 68 2090 1070 2181; baseline -0.007 -14"><span class='ocrx_word' id='word_1_142' title='bbox 68 2104 229 2173; x_wconf 86' lang='grc' dir='ltr'><strong><em>Μίλωνος</em></strong></span> <span class='ocrx_word' id='word_1_143' title='bbox 251 2097 424 2180; x_wconf 82' lang='grc' dir='ltr'><strong><em>θυγατέρα</em></strong></span> <span class='ocrx_word' id='word_1_144' title='bbox 443 2093 647 2181; x_wconf 84' lang='grc' dir='ltr'><strong><em>Δημοκήδης</em></strong></span> <span class='ocrx_word' id='word_1_145' title='bbox 667 2107 820 2179; x_wconf 85' lang='grc' dir='ltr'><strong><em>γυναῖκα.</em></strong></span> <span class='ocrx_word' id='word_1_146' title='bbox 861 2098 924 2161; x_wconf 86' lang='grc' dir='ltr'><strong><em>τοῦ</em></strong></span> <span class='ocrx_word' id='word_1_147' title='bbox 944 2090 1007 2178; x_wconf 77' lang='grc' dir='ltr'><strong><em>γάρ</em></strong></span> <span class='ocrx_word' id='word_1_148' title='bbox 1029 2090 1070 2180; x_wconf 79' lang='grc' dir='ltr'><strong><em>δή</em></strong></span> 
     </span>
     <span class='ocr_line' id='line_1_21' title="bbox 70 2185 1068 2279; baseline -0.006 -14"><span class='ocrx_word' id='word_1_149' title='bbox 70 2197 257 2266; x_wconf 86' lang='grc' dir='ltr'><strong><em>παλαιστέω</em></strong></span> <span class='ocrx_word' id='word_1_150' title='bbox 274 2199 432 2270; x_wconf 89' lang='grc' dir='ltr'><strong><em>Μίλωνος</em></strong></span> <span class='ocrx_word' id='word_1_151' title='bbox 446 2185 491 2279; x_wconf 90' lang='grc' dir='ltr'><strong><em>ήν</em></strong></span> <span class='ocrx_word' id='word_1_152' title='bbox 508 2190 638 2279; x_wconf 79' lang='grc' dir='ltr'><strong><em>οὕνομα</em></strong></span> <span class='ocrx_word' id='word_1_153' title='bbox 666 2188 794 2260; x_wconf 84' lang='grc' dir='ltr'><strong><em>πολλὸν</em></strong></span> <span class='ocrx_word' id='word_1_154' title='bbox 815 2187 905 2278; x_wconf 86' lang='grc' dir='ltr'><strong><em>παρά</em></strong></span> <span class='ocrx_word' id='word_1_155' title='bbox 930 2193 1068 2278; x_wconf 74' lang='grc' dir='ltr'><strong><em>βασιλέα.</em></strong></span> 
     </span>
     <span class='ocr_line' id='line_1_22' title="bbox 67 2286 1070 2380; baseline -0.01 -15"><span class='ocrx_word' id='word_1_156' title='bbox 67 2292 151 2365; x_wconf 79' lang='grc' dir='ltr'><strong><em>κατὰ</em></strong></span> <span class='ocrx_word' id='word_1_157' title='bbox 173 2290 214 2380; x_wconf 86' lang='grc' dir='ltr'><strong><em>δή</em></strong></span> <span class='ocrx_word' id='word_1_158' title='bbox 242 2291 343 2359; x_wconf 84' lang='grc' dir='ltr'><strong><em>τοῦτό</em></strong></span> <span class='ocrx_word' id='word_1_159' title='bbox 370 2317 427 2377; x_wconf 91' lang='grc' dir='ltr'><strong><em>μοι</em></strong></span> <span class='ocrx_word' id='word_1_160' title='bbox 453 2293 561 2357; x_wconf 89' lang='grc' dir='ltr'><strong><em>δοκέει</em></strong></span> <span class='ocrx_word' id='word_1_161' title='bbox 581 2295 724 2357; x_wconf 76' lang='grc' dir='ltr'><strong><em>σπεῦσαι</em></strong></span> <span class='ocrx_word' id='word_1_162' title='bbox 742 2286 803 2355; x_wconf 86' lang='grc' dir='ltr'><strong><em>τόν</em></strong></span> <span class='ocrx_word' id='word_1_163' title='bbox 823 2288 933 2374; x_wconf 80' lang='grc' dir='ltr'><strong><em>γάμον</em></strong></span> <span class='ocrx_word' id='word_1_164' title='bbox 949 2296 1070 2357; x_wconf 85' lang='grc' dir='ltr'><strong><em>τοῦτον</em></strong></span> 
     </span>
     <span class='ocr_line' id='line_1_23' title="bbox 67 2381 1069 2478; baseline -0.011 -14"><span class='ocrx_word' id='word_1_165' title='bbox 67 2396 200 2472; x_wconf 89' lang='grc' dir='ltr'><strong><em>τελέσας</em></strong></span> <span class='ocrx_word' id='word_1_166' title='bbox 217 2391 369 2478; x_wconf 83' lang='grc' dir='ltr'><strong><em>χρήματα</em></strong></span> <span class='ocrx_word' id='word_1_167' title='bbox 398 2388 525 2475; x_wconf 86' lang='grc' dir='ltr'><strong><em>μεγάλα</em></strong></span> <span class='ocrx_word' id='word_1_168' title='bbox 548 2384 768 2474; x_wconf 86' lang='grc' dir='ltr'><strong><em>Δημοκήδης,</em></strong></span> <span class='ocrx_word' id='word_1_169' title='bbox 799 2389 856 2451; x_wconf 79' lang='grc' dir='ltr'><strong><em>ἵνα</em></strong></span> <span class='ocrx_word' id='word_1_170' title='bbox 877 2391 968 2472; x_wconf 77' lang='grc' dir='ltr'><strong><em>φανῇ</em></strong></span> <span class='ocrx_word' id='word_1_171' title='bbox 985 2381 1069 2468; x_wconf 82' lang='grc' dir='ltr'><strong><em>πρός</em></strong></span> 
     </span>
     <span class='ocr_line' id='line_1_24' title="bbox 66 2480 1140 2579; baseline -0.007 -17"><span class='ocrx_word' id='word_1_172' title='bbox 66 2497 217 2579; x_wconf 90' lang='grc' dir='ltr'><strong><em>Δαρείου</em></strong></span> <span class='ocrx_word' id='word_1_173' title='bbox 234 2485 301 2556; x_wconf 78' lang='grc' dir='ltr'><strong><em>έάν</em></strong></span> <span class='ocrx_word' id='word_1_174' title='bbox 316 2491 372 2556; x_wconf 81' lang='grc' dir='ltr'><strong><em>καὶ</em></strong></span> <span class='ocrx_word' id='word_1_175' title='bbox 387 2489 425 2556; x_wconf 88' lang='grc' dir='ltr'><strong><em>έν</em></strong></span> <span class='ocrx_word' id='word_1_176' title='bbox 437 2493 477 2575; x_wconf 77' lang='grc' dir='ltr'><strong><em>τῇ</em></strong></span> <span class='ocrx_word' id='word_1_177' title='bbox 493 2489 620 2554; x_wconf 85' lang='grc' dir='ltr'><strong><em>ἑωυτοῦ</em></strong></span> <span class='ocrx_word' id='word_1_178' title='bbox 632 2483 776 2570; x_wconf 85' lang='grc' dir='ltr'><strong><em>δόκιμος.</em></strong></span> <span class='ocrx_word' id='word_1_179' title='bbox 798 2480 1013 2569; x_wconf 83' lang='grc' dir='ltr'><strong><em>Ἀναχθέντες</em></strong></span> <span class='ocrx_word' id='word_1_180' title='bbox 1030 2486 1066 2551; x_wconf 80' lang='grc' dir='ltr'><strong><em>δὲ</em></strong></span> <span class='ocrx_word' id='word_1_181' title='bbox 1090 2502 1140 2556; x_wconf 69' lang='lat'><strong><em>1315</em></strong></span> 
     </span>
     <span class='ocr_line' id='line_1_25' title="bbox 65 2585 1071 2678; baseline -0.009 -19"><span class='ocrx_word' id='word_1_182' title='bbox 65 2595 103 2661; x_wconf 87' lang='grc' dir='ltr'><strong><em>έκ</em></strong></span> <span class='ocrx_word' id='word_1_183' title='bbox 123 2597 181 2678; x_wconf 80' lang='grc' dir='ltr'><strong><em>τῆς</em></strong></span> <span class='ocrx_word' id='word_1_184' title='bbox 197 2586 377 2676; x_wconf 87' lang='grc' dir='ltr'><strong><em>Κρότωνος</em></strong></span> <span class='ocrx_word' id='word_1_185' title='bbox 402 2591 436 2654; x_wconf 82' lang='grc' dir='ltr'><strong><em>ολ</em></strong></span> <span class='ocrx_word' id='word_1_186' title='bbox 454 2587 582 2669; x_wconf 88' lang='grc' dir='ltr'><strong><em>Πέρσαι</em></strong></span> <span class='ocrx_word' id='word_1_187' title='bbox 606 2585 801 2652; x_wconf 81' lang='grc' dir='ltr'><strong><em>ἐκπίπτουσι</em></strong></span> <span class='ocrx_word' id='word_1_188' title='bbox 822 2587 897 2671; x_wconf 77' lang='grc' dir='ltr'><strong><em>τῇσι</em></strong></span> <span class='ocrx_word' id='word_1_189' title='bbox 917 2585 1017 2669; x_wconf 85' lang='grc' dir='ltr'><strong><em>νηυσλ</em></strong></span> <span class='ocrx_word' id='word_1_190' title='bbox 1037 2585 1071 2661; x_wconf 88' lang='grc' dir='ltr'><strong><em>ές</em></strong></span> 
     </span>
     <span class='ocr_line' id='line_1_26' title="bbox 61 2681 1070 2776; baseline -0.01 -18"><span class='ocrx_word' id='word_1_191' title='bbox 61 2687 251 2776; x_wconf 83' lang='grc' dir='ltr'><strong><em>Ἰηπυγίην,</em></strong></span> <span class='ocrx_word' id='word_1_192' title='bbox 286 2690 345 2753; x_wconf 88' lang='grc' dir='ltr'><strong><em>καί</em></strong></span> <span class='ocrx_word' id='word_1_193' title='bbox 377 2703 482 2770; x_wconf 85' lang='grc' dir='ltr'><strong><em>σφεας</em></strong></span> <span class='ocrx_word' id='word_1_194' title='bbox 517 2681 742 2759; x_wconf 82' lang='grc' dir='ltr'><strong><em>δουλεύοντας</em></strong></span> <span class='ocrx_word' id='word_1_195' title='bbox 770 2681 920 2748; x_wconf 81' lang='grc' dir='ltr'><strong><em>ἐνθαῦτα</em></strong></span> <span class='ocrx_word' id='word_1_196' title='bbox 950 2687 1070 2760; x_wconf 87' lang='grc' dir='ltr'><strong><em>Γίλλος</em></strong></span> 
     </span>
     <span class='ocr_line' id='line_1_27' title="bbox 65 2776 1069 2874; baseline -0.011 -19"><span class='ocrx_word' id='word_1_197' title='bbox 65 2784 152 2874; x_wconf 82' lang='grc' dir='ltr'><strong><em>ἀνὴρ</em></strong></span> <span class='ocrx_word' id='word_1_198' title='bbox 169 2792 375 2869; x_wconf 81' lang='grc' dir='ltr'><strong><em>Ταραντίνος</em></strong></span> <span class='ocrx_word' id='word_1_199' title='bbox 392 2777 504 2867; x_wconf 79' lang='grc' dir='ltr'><strong><em>φυγάς</em></strong></span> <span class='ocrx_word' id='word_1_200' title='bbox 520 2780 709 2865; x_wconf 77' lang='grc' dir='ltr'><strong><em>ῥυσάμενος</em></strong></span> <span class='ocrx_word' id='word_1_201' title='bbox 729 2776 881 2866; x_wconf 89' lang='grc' dir='ltr'><strong><em>ἀπήγαγε</em></strong></span> <span class='ocrx_word' id='word_1_202' title='bbox 901 2777 991 2863; x_wconf 79' lang='grc' dir='ltr'><strong><em>παρὰ</em></strong></span> <span class='ocrx_word' id='word_1_203' title='bbox 1006 2785 1069 2864; x_wconf 85' lang='grc' dir='ltr'><strong><em>βα-</em></strong></span> 
     </span>
     <span class='ocr_line' id='line_1_28' title="bbox 64 2871 1066 2969; baseline -0.007 -15"><span class='ocrx_word' id='word_1_204' title='bbox 64 2887 158 2955; x_wconf 87' lang='grc' dir='ltr'><strong><em>σιλέα</em></strong></span> <span class='ocrx_word' id='word_1_205' title='bbox 173 2894 331 2969; x_wconf 87' lang='grc' dir='ltr'><strong><em>Δαρείου.</em></strong></span> <span class='ocrx_word' id='word_1_206' title='bbox 355 2878 427 2949; x_wconf 76' lang='grc' dir='ltr'><strong><em>ὀδέ</em></strong></span> <span class='ocrx_word' id='word_1_207' title='bbox 455 2877 529 2947; x_wconf 78' lang='grc' dir='ltr'><strong><em>ἀντὶ</em></strong></span> <span class='ocrx_word' id='word_1_208' title='bbox 556 2880 687 2947; x_wconf 84' lang='grc' dir='ltr'><strong><em>τούτων</em></strong></span> <span class='ocrx_word' id='word_1_209' title='bbox 713 2883 840 2964; x_wconf 79' lang='grc' dir='ltr'><strong><em>ἑτοῖμος</em></strong></span> <span class='ocrx_word' id='word_1_210' title='bbox 865 2871 910 2966; x_wconf 84' lang='grc' dir='ltr'><strong><em>ἦν</em></strong></span> <span class='ocrx_word' id='word_1_211' title='bbox 936 2876 1066 2947; x_wconf 89' lang='grc' dir='ltr'><strong><em>διδόναι</em></strong></span> 
     </span>
     <span class='ocr_line' id='line_1_29' title="bbox 63 2974 1070 3065; baseline -0.009 -14"><span class='ocrx_word' id='word_1_212' title='bbox 63 2988 163 3051; x_wconf 80' lang='grc' dir='ltr'><strong><em>τοῦτο</em></strong></span> <span class='ocrx_word' id='word_1_213' title='bbox 178 2976 198 3046; x_wconf 84' lang='grc' dir='ltr'><strong><em>ό</em></strong></span> <span class='ocrx_word' id='word_1_214' title='bbox 213 3005 244 3046; x_wconf 91' lang='grc' dir='ltr'><strong><em>τι</em></strong></span> <span class='ocrx_word' id='word_1_215' title='bbox 254 2978 411 3065; x_wconf 77' lang='grc' dir='ltr'><strong><em>βούλοιτο</em></strong></span> <span class='ocrx_word' id='word_1_216' title='bbox 423 2974 533 3055; x_wconf 81' lang='grc' dir='ltr'><strong><em>αὐτός.</em></strong></span> <span class='ocrx_word' id='word_1_217' title='bbox 551 2983 672 3056; x_wconf 90' lang='grc' dir='ltr'><strong><em>Γίλλος</em></strong></span> <span class='ocrx_word' id='word_1_218' title='bbox 678 2977 715 3044; x_wconf 70' lang='grc' dir='ltr'><strong><em>δέ</em></strong></span> <span class='ocrx_word' id='word_1_219' title='bbox 726 2980 868 3064; x_wconf 82' lang='grc' dir='ltr'><strong><em>αἱρέεται</em></strong></span> <span class='ocrx_word' id='word_1_220' title='bbox 882 2976 1028 3046; x_wconf 88' lang='grc' dir='ltr'><strong><em>κάτοδόν</em></strong></span> <span class='ocrx_word' id='word_1_221' title='bbox 1036 2980 1070 3042; x_wconf 81' lang='grc' dir='ltr'><strong><em>ολ</em></strong></span> 
     </span>
     <span class='ocr_line' id='line_1_30' title="bbox 63 3074 1124 3165; baseline -0.005 -16"><span class='ocrx_word' id='word_1_222' title='bbox 63 3085 97 3162; x_wconf 83' lang='grc' dir='ltr'><strong><em>ἐς</em></strong></span> <span class='ocrx_word' id='word_1_223' title='bbox 110 3078 266 3165; x_wconf 86' lang='grc' dir='ltr'><strong><em>Τάραντα</em></strong></span> <span class='ocrx_word' id='word_1_224' title='bbox 274 3083 452 3165; x_wconf 83' lang='grc' dir='ltr'><strong><em>γενέσθαι,</em></strong></span> <span class='ocrx_word' id='word_1_225' title='bbox 464 3076 788 3165; x_wconf 87' lang='grc' dir='ltr'><strong><em>προαπηγησάμενος</em></strong></span> <span class='ocrx_word' id='word_1_226' title='bbox 795 3074 859 3164; x_wconf 87' lang='grc' dir='ltr'><strong><em>τήν</em></strong></span> <span class='ocrx_word' id='word_1_227' title='bbox 869 3076 1065 3164; x_wconf 89' lang='grc' dir='ltr'><strong><em>συμφορήν·</em></strong></span> <span class='ocrx_word' id='word_1_228' title='bbox 1120 3098 1124 3105; x_wconf 86' lang='grc'><em>·</em></span> 
     </span>
     <span class='ocr_line' id='line_1_31' title="bbox 58 3182 1063 3273; baseline 0.003 -22"><span class='ocrx_word' id='word_1_229' title='bbox 58 3189 115 3252; x_wconf 78' lang='grc' dir='ltr'><strong><em>ἵνα</em></strong></span> <span class='ocrx_word' id='word_1_230' title='bbox 132 3187 170 3251; x_wconf 74' lang='grc' dir='ltr'><strong><em>δέ</em></strong></span> <span class='ocrx_word' id='word_1_231' title='bbox 185 3185 231 3271; x_wconf 87' lang='grc' dir='ltr'><strong><em>μή</em></strong></span> <span class='ocrx_word' id='word_1_232' title='bbox 248 3184 438 3271; x_wconf 85' lang='grc' dir='ltr'><strong><em>συνταράξη</em></strong></span> <span class='ocrx_word' id='word_1_233' title='bbox 455 3185 518 3269; x_wconf 89' lang='grc' dir='ltr'><strong><em>τήν</em></strong></span> <span class='ocrx_word' id='word_1_234' title='bbox 533 3182 684 3273; x_wconf 77' lang='grc' dir='ltr'><strong><em>Ἐλλάδα,</em></strong></span> <span class='ocrx_word' id='word_1_235' title='bbox 702 3185 745 3272; x_wconf 82' lang='grc' dir='ltr'><strong><em>ἢν</em></strong></span> <span class='ocrx_word' id='word_1_236' title='bbox 763 3187 810 3254; x_wconf 85' lang='grc' dir='ltr'><strong><em>δι’</em></strong></span> <span class='ocrx_word' id='word_1_237' title='bbox 828 3188 932 3255; x_wconf 82' lang='grc' dir='ltr'><strong><em>αὐτόν</em></strong></span> <span class='ocrx_word' id='word_1_238' title='bbox 945 3191 1063 3267; x_wconf 87' lang='grc' dir='ltr'><strong><em>στόλος</em></strong></span> 
     </span>
     <span class='ocr_line' id='line_1_32' title="bbox 58 3277 1063 3371; baseline 0.006 -23"><span class='ocrx_word' id='word_1_239' title='bbox 58 3281 161 3366; x_wconf 86' lang='grc' dir='ltr'><strong><em>μέγας</em></strong></span> <span class='ocrx_word' id='word_1_240' title='bbox 181 3280 275 3371; x_wconf 69' lang='grc' dir='ltr'><strong><em>πλείη</em></strong></span> <span class='ocrx_word' id='word_1_241' title='bbox 298 3284 351 3349; x_wconf 76' lang='grc' dir='ltr'><strong><em>ἐπὶ</em></strong></span> <span class='ocrx_word' id='word_1_242' title='bbox 374 3285 436 3368; x_wconf 86' lang='grc' dir='ltr'><strong><em>τήν</em></strong></span> <span class='ocrx_word' id='word_1_243' title='bbox 450 3277 606 3370; x_wconf 85' lang='grc' dir='ltr'><strong><em>Ἰταλίην,</em></strong></span> <span class='ocrx_word' id='word_1_244' title='bbox 631 3288 790 3365; x_wconf 86' lang='grc' dir='ltr'><strong><em>Κνιδίους</em></strong></span> <span class='ocrx_word' id='word_1_245' title='bbox 807 3285 956 3371; x_wconf 81' lang='grc' dir='ltr'><strong><em>μούνους</em></strong></span> <span class='ocrx_word' id='word_1_246' title='bbox 977 3283 1063 3353; x_wconf 85' lang='grc' dir='ltr'><strong><em>ἀπο-</em></strong></span> 
     </span>
     <span class='ocr_line' id='line_1_33' title="bbox 59 3376 1065 3470; baseline 0.007 -27"><span class='ocrx_word' id='word_1_247' title='bbox 59 3383 145 3463; x_wconf 80' lang='grc' dir='ltr'><strong><em>χρᾶν</em></strong></span> <span class='ocrx_word' id='word_1_248' title='bbox 168 3382 211 3458; x_wconf 36' lang='grc' dir='ltr'><strong><em>οί,</em></strong></span> <span class='ocrx_word' id='word_1_249' title='bbox 224 3381 290 3465; x_wconf 77' lang='grc' dir='ltr'><strong><em>ἔφη</em></strong></span> <span class='ocrx_word' id='word_1_250' title='bbox 317 3376 395 3459; x_wconf 83' lang='grc' dir='ltr'><strong><em>τούς</em></strong></span> <span class='ocrx_word' id='word_1_251' title='bbox 419 3378 624 3468; x_wconf 79' lang='grc' dir='ltr'><strong><em>κατάγοντας</em></strong></span> <span class='ocrx_word' id='word_1_252' title='bbox 646 3387 819 3470; x_wconf 88' lang='grc' dir='ltr'><strong><em>γίνεσθαι,</em></strong></span> <span class='ocrx_word' id='word_1_253' title='bbox 844 3385 973 3451; x_wconf 88' lang='grc' dir='ltr'><strong><em>δοκέων</em></strong></span> <span class='ocrx_word' id='word_1_254' title='bbox 995 3379 1065 3450; x_wconf 86' lang='grc' dir='ltr'><strong><em>ἀπὸ</em></strong></span> 
     </span>
    </p>
   </div>
   <div class='ocr_carea' id='block_1_3' title="bbox 1087 3490 1102 3581">
    <p class='ocr_par' dir='ltr' id='par_1_3' title="bbox 1087 3490 1102 3581">
     <span class='ocr_line' id='line_1_34' title="bbox 1087 3490 1102 3581; baseline 0 0"><span class='ocrx_word' id='word_1_255' title='bbox 1087 3490 1102 3581; x_wconf 77' lang='grc'>1</span> 
     </span>
    </p>
   </div>
   <div class='ocr_carea' id='block_1_4' title="bbox 0 0 1182 3840">
    <p class='ocr_par' dir='ltr' id='par_1_4' title="bbox 0 0 1182 3840">
     <span class='ocr_line' id='line_1_35' title="bbox 0 0 1182 3840; baseline 0 5"><span class='ocrx_word' id='word_1_256' title='bbox 0 0 1182 3840; x_wconf 95' lang='lat' dir='ltr'><strong><em> </em></strong></span> 
     </span>
    </p>
   </div>
  </div>
 </body>
</html>
