2340 3832
64 895 95 951 w

129 227 192 291 &2
504 232 758 290 HERODOTI

129 389 282 476 λέγουσι,
305 392 394 473 μῖξιν
415 389 451 455 δδ
472 390 644 457 ἐπίκοινον
666 395 735 456 τών
757 397 935 476 γυναικῶν
958 396 1119 478 ποιεῦντα,

130 484 209 555 ούτε
231 488 462 565 συνοικέοντες
482 487 650 573 κτηνηδόν
671 513 707 555 τε
728 488 939 574 μισγόμενοι.
976 491 1119 560 ἕπεύνδ

128 585 265 670 γυναικὶ
289 580 326 649 τό
352 587 487 651 παιδίου
517 580 625 669 ἁδρόν
646 587 799 671 γένηται,
833 589 1120 673 συμφοιτίουσιὲς

128 677 235 749 τώντό
253 685 287 748 oc
301 678 422 768 ἄνδρες
435 687 549 768 τρίτου
565 678 679 768 μηνός,
708 687 824 774 καὶτῷ
839 679 884 751 άν
900 693 981 772 οίκη
996 693 1064 753 τών
1078 682 1121 753 ἄν·

129 784 222 868 δρῦν
235 778 272 848 τό
291 784 442 867 παιδίον,
463 780 587 847 τούτου
601 795 678 860 παῖς
694 787 868 867 νομίζεται.

98 917 110 950 2
215 869 319 945 Ούτοι
337 881 399 964 μὲν
414 884 449 946 οί
461 879 732 965 παραθαλάσσιοι
743 885 812 946 τῶν
822 879 990 964 νομάδων
1001 881 1121 968 Λιβύων

128 979 288 1065 είρίαται,
305 974 391 1062 ὑπὲρ
406 978 442 1046 δὲ
452 977 583 1045 τούτων
598 978 631 1055 ἐς
645 977 829 1063 μεσόγαιαν
841 973 863 1066 ή
878 978 1061 1065 θηριώδης
1074 981 1122 1046 ἐστὶ

126 1073 255 1161 Λιβύη,
278 1071 363 1162 ὑπὲρ
379 1075 415 1142 δὲ
429 1081 487 1162 τῆς
501 1074 689 1162 θηριώδεος
705 1073 818 1162 ὀφρύη
830 1074 975 1160 ψάμμου
991 1075 1123 1163 κατήκει,

127 1181 373 1264 παρατείνουσα
385 1174 450 1243 ύπδ
459 1173 886 1262 ΘηβέωντῦυΑίγυτττιὲων
896 1170 1125 1259 ἐπ’Ἡρακλὲος

126 1273 256 1360 στήλας.
279 1276 316 1340 ἐν
330 1274 367 1342 δδ
378 1280 417 1361 τή
430 1271 542 1361 ὀφρύη
552 1272 657 1360 ταύτη
669 1275 811 1358 μάλιστα
823 1269 878 1339 διδ
891 1275 976 1339 δέκα
986 1273 1125 1362 ἡμερίων

127 1368 210 1438 ὁδοῦ
228 1368 309 1449 ἁλός
323 1375 391 1438 ἔστι
406 1370 536 1456 τρύφεα
553 1368 636 1437 κατά
656 1370 821 1456 χόνδρους
835 1370 1010 1456 μεγάλους
1028 1375 1067 1440 ἐν
1080 1396 1126 1439 κο·

126 1476 280 1552 λωυοῖσι,
303 1470 358 1536 καλ
380 1470 417 1535 ἐν
438 1475 607 1554 κορυφῇσι
627 1468 769 1535 ἑκάστου
790 1475 851 1535 τοῦ
870 1476 1034 1536 κολωνοῦ
1055 1468 1127 1535 άντ-

126 1572 266 1645 κοντίζει
291 1567 328 1631 ἐκ
352 1568 458 1650 μέσον
478 1571 539 1631 τοῦ
560 1562 641 1644 άλδς
662 1564 755 1652 ὕδωρ
780 1561 912 1650 ψυχρόν
934 1570 994 1633 καὶ
1015 1569 1125 1650 γλυκύ,

125 1666 202 1745 περὶ
213 1662 249 1728 δὲ
260 1658 342 1727 αύτό
354 1660 531 1747 ἅνθρωποι
544 1665 690 1730 οἰκέουσι
700 1669 828 1748 ἔσχατοι
839 1659 924 1747 πρὸς
936 1671 998 1749 τῆς
1010 1665 1126 1751 ἐρήμου

125 1762 180 1827 καὶ
201 1757 286 1845 ὑπὲρ
309 1765 367 1844 τής
381 1758 586 1845 θηριώδεος,
608 1766 735 1846 πρῶτοι
751 1759 813 1844 μὲν
831 1756 897 1826 άπό
913 1765 1061 1848 Θηβέων
1081 1757 1125 1826 διδ

127 1859 207 1924 δέκα
223 1853 375 1944 ἡμερίων
392 1853 476 1923 ὁδοῦ
493 1853 732 1944 Ἀμμώνιοι,
754 1863 884 1944 ἔχοντες
903 1855 941 1925 τό
969 1856 1050 1945 δρόν
1070 1854 1125 1925 ἀπὸ

125 1962 187 2022 τοῦ
202 1957 365 2042 Θηβαιέος
379 1956 479 2033 Διός·
501 1958 556 2023 καὶ
572 1954 636 2045 γάρ
652 1954 689 2024 τό
706 1962 743 2025 ἐν
754 1958 899 2046 Θήβησι,
916 1954 962 2035 ὡς
977 1962 1036 2026 καὶ
1051 1957 1126 2042 πρό-

125 2079 224 2139 τερον
251 2060 380 2140 εἴρηταί
398 2080 472 2140 μοι,
501 2054 761 2142 κριοπρόσωπον
784 2062 846 2123 τοῦ
861 2053 948 2134 Διός
974 2051 1127 2141 τώγαλμά

126 2153 204 2216 ἐστι.
227 2152 384 2233 τυγχάνει
400 2154 506 2220 δὲκαὶ
521 2152 602 2221 άλλο
621 2173 682 2240 σφι
701 2154 795 2242 ῦδωρ
811 2170 976 2242 κρηναῖον
998 2154 1075 2242 ἐόν,
1096 2149 1127 2220 τό

126 2244 186 2313 τόν
201 2246 263 2332 μδν
275 2243 405 2333 ὄρθρου
416 2255 544 2333 γίνεται
554 2249 709 2335 χλιαρόν,
727 2250 850 2335 ἀγορῆς
861 2253 898 2321 δὲ
910 2254 1129 2339 πληθυούσης

126 2343 352 2430 ψυχρότερον
380 2352 566 2433 μεσαμβρίη
582 2348 620 2412 τέ
631 2346 716 2430 ἐστι,
738 2349 794 2411 καὶ
813 2343 851 2410 τό
875 2345 983 2431 κάρτα
1005 2359 1130 2432 γίνεται

126 2448 267 2526 ψυχρόν.
296 2449 479 2526 τηνικαῦτα
501 2442 537 2509 δὲ
553 2441 695 2527 ὀίρδουσι
715 2438 795 2518 τούς
814 2441 959 2526 κήπους·
991 2441 1131 2512 άποκλι-

127 2542 269 2625 νομένης
284 2539 320 2606 δὲ
334 2547 391 2626 τῆς
405 2537 529 2628 ήμίρης
545 2539 678 2608 ὑπίεται
694 2545 755 2607 τοῦ
769 2546 917 2627 ψυχροῦ,
934 2542 967 2618 ἐς
984 2539 1005 2606 ό
1020 2543 1132 2610 δύεταί

125 2662 162 2703 τε
176 2633 194 2703 ὁ
209 2634 302 2721 ήλιος
317 2639 372 2703 καὶ
391 2636 429 2705 τό
449 2638 542 2726 ὕδωρ
558 2646 684 2725 γίνεται
697 2637 852 2724 χλιαρόν·
875 2640 928 2704 ἐπὶ
944 2637 981 2705 δὲ
1003 2646 1131 2724 μᾶλλον

126 2732 180 2804 ίόν
201 2735 233 2811 ἐς
254 2730 290 2799 τό
313 2733 444 2821 θερμόν
462 2739 494 2814 ἐς
509 2739 615 2822 μέσας
631 2737 756 2814 νύκτας
777 2735 925 2822 πελάζει,
947 2744 1132 2821 τηνικαῦτα

126 2834 163 2901 δὲ
185 2835 247 2914 ζέει
270 2829 485 2919 άμβολάδην·
517 2839 741 2922 παρέρχονταί
757 2860 793 2900 τε
814 2838 910 2920 μέσαι
931 2833 1056 2912 νύκτες
1080 2836 1133 2901 καὶ

125 2935 264 3021 ψύχεται
279 2934 375 3021 μέχρι
389 2936 422 3012 ἐς
438 2931 496 3021 ήώ.
521 2935 694 3019 ἐπίκλησιν
709 2933 746 3001 δὲ
757 2931 841 3018 αῦτη
855 2929 876 3024 ή
890 2931 998 3019 κρήνη
1015 2935 1133 3001 καλέε-

58 3047 110 3102 182
123 3061 177 3101 ται
197 3031 304 3121 ήλίου.
350 3029 447 3101 Μετὰ
471 3031 506 3098 δὲ
523 3029 746 3118 Ἀμμωνίους,
769 3028 824 3097 διὰ
843 3033 901 3115 τῆς
922 3025 1058 3116 ὀφρύης
1076 3037 1134 3115 τής

125 3132 266 3219 ψάμμου
281 3131 327 3200 δι’
344 3131 455 3199 ἄλλων
466 3133 546 3197 δέκα
556 3127 709 3217 ήμερίων
720 3127 819 3213 ὁδοῦ,
842 3125 991 3204 κολωνός
1002 3153 1040 3194 τε
1053 3124 1133 3205 ἁλός

128 3235 196 3300 ἐστι
212 3229 325 3316 ὁμοῖος
339 3238 384 3320 τῷ
396 3229 569 3318 Ἀμμωνίῳ
586 3231 641 3294 καὶ
657 3225 767 3312 ὕδωρ,
788 3227 844 3292 καὶ
860 3222 1042 3310 ἅνθρωποι
1057 3227 1134 3307 περὶ

127 3326 231 3397 αὐτόν
254 3329 416 3395 οἰκέουσι·
443 3333 488 3415 τῷ
510 3326 546 3394 δὲ
565 3325 662 3414 χώρφ
682 3321 790 3414 τούτῳ
814 3319 944 3407 ούνομα
965 3318 1133 3408 Αύγιλό

126 3432 203 3495 ἐστι.
234 3429 267 3505 ἐς
280 3433 401 3493 τοῦτον
421 3424 482 3494 τόν
501 3433 611 3511 χῶρον
634 3428 669 3491 οί
684 3427 892 3509 Νασαμῶνες
906 3417 1133 3504 ὀπωριεῦντες
