2354 3840
149 184 212 246 834
527 186 779 243 HERODOTI

34 416 38 422 ,
149 348 313 432 φέροντα,
335 348 391 413 καί
411 342 451 430 δὴ
475 345 530 411 καί
550 342 695 430 ἀνδράσι
712 346 768 411 καὶ
789 347 921 412 ἵπποισι
935 359 1059 431 ψιρην
1080 343 1132 413 ἀκε

148 456 283 515 σασθαι.
307 449 368 513 είσλ
390 444 426 512 δὲ
441 441 547 511 αὐτοῦ
561 447 597 510 αί
616 444 719 528 πηγαὶ
738 445 831 509 δυῶν
845 446 982 510 δέουσαι
995 443 1132 529 τεσσερά

147 571 267 630 κοντα,
283 546 320 610 ἐκ
334 544 456 628 πέτρης
470 547 528 627 τῆς
543 537 646 626 αὐτῆς
659 543 812 627 ρέουσαιτ
834 541 890 608 καί
904 543 941 607 αί
948 541 1013 625 μέν
1024 537 1132 608 αάιέω

148 644 210 710 stol
224 643 363 726 ψυχραί,
387 642 425 707 αί
443 638 479 706 δὲ
494 644 627 724 θερμαί.
658 635 737 716 ὁδός
758 635 791 704 δ’
814 634 867 704 ἐπ’
889 633 993 716 αύτάς
1014 639 1084 705 ἐστι
1098 648 1132 706 ίσ,

147 746 181 824 ἐξ
189 741 329 829 Ἡραίου
342 766 378 808 τε
392 739 509 818 πόλιος
521 745 580 826 τῆς
590 739 680 819 παρὰ
690 746 851 828 Περίνθῳ
868 740 924 806 καὶ
938 741 972 819 ἐξ
983 736 1132 807 Ἀπολλω

148 847 221 927 νίης
234 847 292 926 τῆς
307 840 344 906 ἐν
358 844 404 928 τῷ
415 834 565 925 Εὐξείνῳ
580 836 710 928 πόντῳ,
728 840 821 903 δυῶν
834 833 987 923 ἡμερέων
1002 837 1132 920 ἑκατέρη

147 941 275 1006 ἐκδιδοί
289 935 325 1003 δὲ
339 931 357 1002 ὁ
373 937 498 1022 Τέαρος
508 927 607 1012 οὗτος
620 935 653 1012 ἐς
668 932 728 1001 τόν
738 935 973 1002 Κουτάδεστον
986 930 1132 1019 ποταμόν

146 1035 163 1105 ὁ
180 1037 217 1106 δὲ
231 1035 460 1115 Κοντάδεστος
477 1038 511 1114 ἐς
530 1032 590 1103 τόν
608 1033 803 1124 Ἀγριάνην,
826 1034 845 1104 ὁ
866 1040 903 1105 δὲ
919 1034 1097 1123 Ἀγριάνης
1114 1038 1132 1113 ἐι

143 1138 355 1227 τδνἝβρου,
383 1136 461 1207 ὁδὶ
484 1140 518 1216 ἐς
540 1137 720 1206 θάλασσαν
742 1135 806 1224 τὴν
830 1133 911 1224 παρ’
937 1145 1035 1228 Λίνῳ
1058 1134 1132 1205 πόλι,

96 1235 210 1307 νιΈπλ
233 1245 355 1305 τούτου
380 1229 429 1305 ἀν
455 1233 515 1303 τόν
539 1232 690 1321 ποταμόν
714 1232 917 1320 ἀπικόμενος
938 1243 1084 1319 Δαρεῖος
1102 1228 1132 1308 ἀς

144 1336 484 1420 ἐστρατοπεδεύσατο,
512 1330 629 1420 ἡσθεὶς
650 1340 696 1423 τῷ
721 1340 857 1425 ποταμῷ
879 1331 1006 1420 στήλην
1031 1338 1132 1416 ἔστησε

143 1440 198 1504 καί
213 1438 377 1519 ἐνθαῦτα,
400 1433 578 1520 γράμματα
593 1433 761 1518 ἐγγράψας
773 1437 915 1518 λέγοντα
931 1433 1028 1500 τάδε·
1060 1430 1132 1500 Τεά-

142 1559 206 1619 ρου
226 1540 378 1619 ποταμοῦ
399 1532 541 1617 κεφαλαὶ
565 1529 658 1616 ὕδωρ
678 1530 817 1619 ἀρεστόν
837 1557 872 1599 τε
893 1533 949 1599 καὶ
965 1530 1132 1599 κάλλιστον

142 1635 341 1717 παρέχονται
368 1632 506 1698 πάντων
532 1637 692 1715 ποταμῶν
720 1631 776 1697 καί
799 1627 851 1696 ἐπ’
880 1625 984 1708 αύτάς
1009 1626 1131 1697 ἀπίκετο

142 1728 295 1798 ἐλαύνων
310 1730 363 1796 ἐπὶ
373 1727 516 1806 Σκύθας
530 1725 673 1815 στρατόν
689 1725 776 1813 ἀνὴρ
791 1725 926 1812 ἀριστός
938 1753 975 1794 τε
991 1732 1047 1796 καὶ
1062 1727 1129 1795 κάλ-

140 1838 251 1906 λιστος
263 1827 401 1894 πάντων
414 1823 627 1912 ἀνθρώπων,
642 1835 789 1912 Δαρεῖος
802 1819 819 1891 ὁ
831 1821 1043 1908 Ὑστάσπεος,
1054 1831 1131 1908 Περ-

140 1930 226 1995 σέων
240 1951 276 1992 τε
291 1927 346 1992 καί
360 1925 468 2011 πάσης
481 1931 539 2010 τῆς
559 1921 700 2011 ἠπείρου
714 1921 881 2011 βασιλεύς.
909 1929 1014 1989 ταῦτα
1030 1923 1071 2010 δὴ
1086 1926 1129 1990 έν-

90 2042 125 2096 92
139 2030 252 2092 θαῦτα
268 2021 408 2110 ἐγράφη.
440 2033 585 2108 Δαρεῖος
602 2024 639 2090 δὲ
653 2024 815 2090 ἐνθεῦτεν
829 2018 992 2108 ὁρμηθεὶς
1006 2021 1128 2090 ἀπίκετο

139 2125 172 2200 ἐς
193 2120 296 2188 ἀλλον
317 2119 484 2210 ποταμὸν,
509 2126 556 2210 τῷ
577 2118 706 2205 ούνομα
722 2117 892 2205 Ἀρτισκός
917 2121 1003 2205 ἐστι,
1025 2117 1061 2198 ἃς
1083 2113 1127 2185 διό

134 2217 323 2306 Ὀδρυσέων
338 2219 415 2302 ῥέει.
439 2219 492 2286 ἐπὶ
505 2225 626 2285 τοῦτον
642 2215 682 2303 δὴ
699 2215 761 2285 τόν
772 2215 924 2303 ποταμὸν
938 2215 1126 2304 ἀπικόμενος

139 2318 272 2401 ἐποίησε
293 2315 440 2383 τοιόνδε·
468 2312 631 2395 ἀποδέξας
649 2321 774 2402 χωρίον
793 2323 833 2405 τῇ
850 2323 987 2405 στρατιῇ
1010 2318 1125 2384 ἐκέλευε

137 2414 247 2481 πάντα
263 2410 371 2499 ἀνδρα
391 2404 491 2481 λίθου
511 2416 571 2480 ἕνα
585 2413 786 2500 παρεξιόντα
800 2419 932 2482 τιθέναι
948 2418 981 2494 ές
995 2412 1032 2483 τό
1053 2412 1124 2481 ἀπο·

137 2512 338 2596 δεδεγμένον
357 2518 455 2578 τοῦτο
470 2517 603 2598 χωρίον.
634 2509 679 2590 ὡς
694 2515 730 2579 δέ
748 2519 851 2579 ταῦτα
872 2540 893 2599 η
910 2511 1046 2602 στρατιὴ
1060 2515 1123 2580 ἐπε-

135 2608 262 2692 τέλεσε,
286 2608 434 2676 ἐνθαῦτα
455 2607 626 2688 κολωνούς
646 2611 813 2696 μεγάλους
826 2618 895 2678 τῶν
908 2619 1019 2681 λίθων
1035 2636 1123 2680 κατα·

87 2721 121 2775 93
135 2703 243 2773 λιποδν
257 2701 430 2794 ἀπήλαυνε
443 2705 505 2794 τὴν
522 2710 688 2795 στρατιήν.
730 2711 820 2793 Πρὶν
835 2712 871 2776 δὲ
886 2707 1065 2778 ἀπικέσθαι
1081 2707 1122 2774 ἐπὶ

133 2801 336 2890 τόνἽστρον
350 2804 504 2891 πρώτους
523 2809 627 2890 αίρέει
641 2809 744 2884 Γέτας
763 2805 842 2885 τούς
863 2805 1121 2889 ἀθανατίζοντας.

134 2904 168 2968 οί
176 2898 239 2984 μὲν
246 2897 311 2990 γάρ
318 2897 360 2986 δὴ
371 2898 431 2969 τόν
437 2901 687 2990 Σαλμυδησσόν
698 2908 828 2989 ἔχοντες
837 2903 977 2991 Θρήικες
984 2910 1040 2976 καὶ
1050 2904 1122 2990 ὑπὲρ

130 2995 351 3084 Ἀπολλωνίης
365 3025 401 3066 τε
421 3000 477 3067 καί
491 3007 712 3087 Μεσαμβρίης
732 3000 848 3080 πόλιος
863 3005 1051 3090 οίκημένοι,
1071 3029 1123 3072 κα-

131 3096 288 3181 λεόμενοι
310 3096 346 3161 δέ
366 3100 580 3184 Σκυρμιάδαι
605 3101 661 3167 καὶ
679 3107 838 3186 Νιψαῖοι,
865 3098 1006 3188 ἀμαχητὶ
1030 3103 1121 3190 σφέας

131 3190 255 3270 αύτούς
271 3195 461 3278 παρέδοσαν
475 3205 626 3287 Δαρείῳ·
656 3203 690 3266 οί
708 3202 744 3266 δὲ
758 3200 854 3267 Γέται
876 3198 964 3286 πρὸς
976 3199 1121 3288 ἀγνωμο·

130 3289 239 3374 σύνην
253 3289 457 3375 τραπόμενοι
471 3292 589 3363 αὐτίκα
605 3298 859 3384 ἐδουλώθησαν,
883 3305 1042 3386 Θρηίκων
1057 3299 1122 3369 έόν

83 3404 117 3458 94
131 3414 184 3467 τες
209 3384 450 3471 ἀνδρηιότατοι
475 3398 530 3462 καὶ
554 3397 764 3492 δικαιότατοι.
817 3395 1072 3482 Ἀθανατίζουσι
1095 3397 1123 3466 δὲ
