2354 3840
119 151 140 213 2
499 153 750 211 HERODOTI

119 309 221 389 ἄλλας
237 337 272 378 τε
290 309 414 390 πολλάς
431 314 486 379 καὶ
505 308 545 398 δὴ
563 313 619 379 καὶ
637 317 698 378 τοῦ
712 315 864 398 βασιλέος
875 317 1062 399 θυγατέρα·
1085 339 1120 379 το

119 410 159 477 δέ
167 412 201 476 οἱ
217 405 347 495 οὔνομα
358 407 461 495 εἶναι,
479 407 563 476 κατά
574 405 680 476 τάυτὸ
693 405 730 475 τό
742 411 798 476 καὶ
807 407 965 496 Ἕλληνες
975 413 1121 497 λέγουσι,

114 504 202 574 Ἰοῦν
229 504 291 592 τὴν
312 504 452 593 Ἰνάχου.
486 508 608 586 ταύτας
634 508 758 587 στάσας
779 507 862 576 κατά
885 511 1044 596 πρύμνην
1064 518 1121 596 τῆς

117 603 194 684 νεός
208 602 373 675 ὠνέεσθαι
382 613 452 673 τῶν
462 615 628 695 φορτίων,
640 614 708 675 τόν
719 626 780 695 σφι
790 601 835 695 ἦν
846 608 957 697 θυμός
967 613 1120 697 μάλιστα,

116 707 172 772 καὶ
188 700 268 782 τοὺς
279 710 438 784 Φοίνικας
455 709 777 792 διακελευσαμένους
787 703 932 794 ὁρμῆσαι
946 705 993 776 ἐπ’
1007 707 1118 786 αὐτάς.

117 803 177 883 τάς
193 807 256 890 μέν
273 803 313 892 δὴ
332 813 479 886 πλεῦνας
495 813 564 874 τῶν
579 811 753 893 γυναικῶν
769 801 979 893 ἀποφυγεῖν,
1011 806 1073 894 τὴν
1085 810 1121 873 δὲ

114 899 201 969 Ἰοῦν
219 899 284 969 σύν
301 901 420 992 ἀλλησι
437 902 670 991 ἁρπασθῆναι·
692 905 937 990 ἐσβαλομένους
954 909 990 973 δὲ
1008 907 1041 985 ές
1059 903 1121 990 τὴν
1169 970 1171 977 ,

86 1004 178 1068 λυέα
200 1009 351 1086 οίχεσθαι
379 999 618 1082 ἀποπλάοντας
642 998 765 1071 έπἈί
718 1002 903 1088 Αγάπτου.
938 1003 1037 1073 Οὕτω
1059 1008 1120 1090 μέν
1167 992 1171 1085 1¹

114 1095 202 1166 Ἰοῦν
226 1099 259 1176 ές
275 1105 450 1184 Αλγυπτου
468 1098 649 1170 ἀπικέσθαι
672 1105 808 1187 λέγουσι
825 1104 969 1191 Πέρσαι,
995 1100 1057 1171 οὐκ
1077 1099 1169 1179 ὡς

116 1194 291 1284 Ελληυες,
322 1201 377 1266 καλ
402 1207 471 1267 τῶν
492 1198 707 1288 ἀδικημάτων
729 1206 828 1269 τοῦτο
854 1203 989 1289 πρῶτον
1006 1197 1118 1323 ἀρξαι

118 1292 200 1380 μετά
218 1297 375 1364 δὲταῦτα
387 1297 556 1386 Ελλήνων
573 1298 668 1378 τινάς
687 1297 743 1386 (οά
760 1297 825 1385 γάρ
843 1305 956 1386 έχουσι
972 1324 1120 1384 τουυομα

119 1390 371 1481 ἀπηγήσασθαι)
394 1399 476 1482 φασλ
496 1404 553 1483 τῆς
571 1402 731 1482 Φοινίκης
748 1399 781 1474 ἐς
802 1397 915 1483 Τύρου
933 1397 1119 1484 προσσχόν-

118 1519 176 1571 τας
221 1489 368 1578 ἁρπάσαι
395 1502 457 1562 τοῦ
477 1498 631 1584 βασιλέος
657 1491 719 1580 τὴν
744 1497 916 1579 θυγατέρα
938 1493 1114 1579 Εάριόπην.

120 1600 235 1678 είησαν
252 1587 284 1658 δ’
298 1586 342 1658 ἀν
359 1584 453 1661 οὗτοι
466 1601 603 1680 Κρῆτες.
629 1598 734 1660 ταῦτα
751 1594 814 1677 μέν
831 1589 871 1680 δὴ
891 1600 946 1660 ίσα
964 1612 1025 1679 σφι
1037 1590 1120 1676 πρὸς
1163 1594 1166 1641 f

119 1700 174 1758 ίσα
191 1693 366 1774 γενέσθαι·
388 1689 470 1777 μετά
487 1692 523 1760 δέ
540 1698 644 1758 ταῦτα
653 1688 815 1775 Ἕλληνας
832 1693 957 1768 αἰτίους
973 1698 1031 1776 τῆς
1042 1695 1120 1757 δευ-

119 1791 215 1874 τέρης
225 1785 354 1875 ἀδικίης
367 1793 535 1875 γενέσθαι.
559 1786 841 1865 καταπλώσαντας
856 1784 921 1874 γάρ
938 1795 1048 1876 μακρῇ
1065 1792 1123 1871 νηῒ

120 1893 152 1968 ές
165 1886 254 1956 Αίάυ
270 1912 306 1955 τε
323 1886 384 1976 τὴν
395 1894 542 1976 Κολχίδα
555 1891 611 1957 καλ
629 1889 682 1955 ἐπὶ
692 1893 803 1955 Φᾶσιν
815 1884 983 1973 ποταμόν,
998 1889 1118 1954 ἐνθεῦ-

119 2013 193 2073 τεν,
214 1991 501 2075 διαπρηξαμένους
519 1989 575 2054 καλ
591 1978 696 2052 ιάλλα
737 1989 805 2050 τόν
822 1985 952 2049 εἵνεκεν
969 1981 1120 2067 ἀπίκατο,

120 2084 268 2172 ἁρπάσαι
291 2092 353 2153 τοῦ
375 2087 528 2173 βασιλέος
555 2081 618 2169 τὴν
639 2083 813 2167 θυγατέρα
836 2077 1002 2167 Μήδειαν.
1037 2082 1121 2163 πέμ-

120 2198 228 2263 ψαντα
246 2184 283 2249 δέ
300 2180 360 2250 τόν
373 2182 507 2268 Κόλχον
524 2182 557 2258 ές
573 2177 636 2265 τὴν
647 2177 789 2247 Ἐλλάδα
800 2177 933 2262 κήρυκα
952 2179 1073 2245 αίτέειυ
1086 2201 1121 2242 τε

121 2285 213 2358 δίκας
223 2286 281 2366 τῆς
290 2277 443 2367 ἁρπαγῆς
454 2281 508 2347 καλ
520 2274 689 2345 ἀπαιτέειν
704 2273 767 2363 τὴν
776 2278 965 2362 θυγατέρα·
988 2275 1068 2361 τούς
1086 2276 1121 2341 δέ

120 2376 386 2463 ἀποκρίνασθαι,
398 2374 443 2455 ὡς
456 2373 535 2445 οὐδὲ
545 2378 667 2444 έκεῖνοι
677 2372 762 2453 Ἰοῦς
771 2380 830 2461 τῆς
839 2371 988 2464 Ἀργείης
999 2375 1120 2445 ἔδοσάν

120 2494 182 2560 σφι
192 2477 286 2551 δίκας
301 2479 359 2560 τῆς
375 2471 542 2560 ἁρπαγῆς·
564 2470 644 2541 οὐδὲ
656 2465 705 2540 ἀν
715 2472 810 2541 αὐτοὶ
821 2475 943 2542 δυ’σειυ
955 2479 1118 2543 έκείυοισι.

93 2574 274 2660 3Λευτέρη
291 2572 328 2639 δὲ
344 2575 479 2658 λέγουσι
498 2579 596 2660 γενεῇ
612 2569 694 2656 μετά
711 2575 815 2636 ταῦτα
828 2566 1046 2656 Ἀλέξανδρον
1062 2568 1123 2636 τόν

120 2670 278 2757 Πριάμου
294 2667 462 2756 ἀκηκοότα
472 2676 576 2739 ταῦτα
591 2671 753 2754 ἐθελῆσαί
760 2671 794 2735 οί
802 2668 839 2734 έκ
850 2665 1069 2753 τῆςῈλλάδος
1081 2664 1120 2732 δι’

121 2767 272 2856 ἁρπαγης
294 2773 452 2854 γενέσθαι
473 2780 634 2856 γυναῖκα,
655 2764 878 2850 ἐπιστάμενον
898 2763 1048 2847 πάντας,
1072 2761 1120 2828 ὅτι

121 2867 163 2938 οὐ
183 2867 283 2937 δόσει
306 2872 416 2948 δίκας
439 2866 519 2936 οὐδὲ
538 2865 603 2955 γάρ
626 2868 776 2944 έκείνους
797 2863 937 2933 διδόναι.
967 2862 1056 2936 οὕτω
1082 2868 1107 2930 δε

121 2969 333 3059 ἁρπάσαντος
352 2967 457 3036 αὐτοῦ
469 2966 606 3053 Ἑλένην
622 2978 708 3032 τοῖσι
721 2962 856 3049 Ἕλλησι
878 2962 971 3043 δόξαι
989 2970 1109 3052 πρῶτοι

121 3072 314 3156 πέμψαντας
330 3066 492 3154 ἀγγέλους
510 3062 678 3133 ἀπαιτέειν
694 3087 730 3130 τε
741 3059 879 3146 Ελέυην
896 3064 951 3129 καί
962 3065 1104 3138 δίκας
1066 3085 1110 3142 τη

121 3167 272 3255 ἁρπαγῆς
293 3194 315 3235 α
316 3171 424 3236 ί.τέειυ
447 3163 526 3243 τούς
557 3166 594 3233 δὲ
623 3162 874 3250 προϊσχομένων
895 3184 999 3227 ταυτα
1038 3179 1112 3241 προ-

122 3271 238 3358 φέρειν
256 3286 317 3354 σφι
334 3271 488 3354 Μηδείης
503 3289 566 3384 την
582 3258 755 3348 ἁρπαγὴν,
777 3256 822 3338 ὡς
838 3283 880 3326 ου
869 3256 1012 3334 ’δόντες
1028 3252 1110 3320 αὐτο

50 3422 55 3429 .
121 3374 215 3446 δίκας
236 3364 316 3435 οάδδ
337 3364 490 3440 ἐκδόντες
518 3358 745 3428 ἀπαιτεόντων
766 3352 945 3444 βουλοίατό
965 3371 1025 3438 σφι
1047 3375 1114 3432 παρ
