2354 3840
325 198 461 256 LlB.1.
494 197 593 256 CAP.
627 202 801 259 boe-11⁰.
917 220 928 247 ·
1028 197 1070 259 59

62 381 187 444 παγον,
212 353 321 442 ἄνδρα
350 354 481 443 οίκήιον
505 359 561 425 καί
583 356 785 428 πιστότατόν
805 386 841 429 τε
856 363 991 448 Μηδων
1013 359 1068 426 καὶ

60 457 198 526 πάντων
208 456 389 541 ἐπίτροπον
399 459 467 522 τῶν
477 457 615 542 ἐαυτοῦ,
628 457 723 543 ἐλεγέ
729 461 764 526 οέ
772 457 885 526 τοιάδε
893 482 900 497 ·
909 454 1067 542 Ἅρπαγε,

60 562 196 644 πρήμμιι
209 551 247 622 τό
270 550 314 621 άν
333 576 385 622 τοι
400 556 574 642 προσθέω,
594 553 730 642 μηδαμά
745 556 957 644 παραχρήσῃ,
983 555 1067 642 μηδὲ

61 658 119 740 ἐμέ
125 680 162 722 τε
178 651 358 740 παραβάλῃ
368 654 424 720 καὶ
437 649 560 730 ἄλλους
571 650 728 737 ἐλόμενος
738 655 772 734 ἐξ
783 651 924 742 ὑστέρης
930 656 1066 741 σεωυτῷ

60 754 246 838 περιπέσῃς.
276 748 360 836 λάβε
380 745 441 817 τὸν
456 748 627 834 Μανδάνη
645 754 736 818 ἐτεκε
757 754 875 837 παλδα,
901 755 1015 838 φέρων
1030 748 1066 816 δέ

60 856 92 931 ἐς
111 855 262 919 σεωυτοῦ
292 844 513 916 ἀπόκτεινον·
544 843 626 934 μετὰ
652 849 689 917 δέ
712 849 830 930 θάψον
849 851 962 941 τρόπφ
982 846 1066 937 ὅτεφ

59 944 161 1026 αὐτὸς
175 945 323 1034 βούλεαι.
361 942 397 1013 Ὁ
419 946 455 1013 δὲ
470 941 657 1032 άμείβεται’
684 938 724 1012 Ὦ
739 952 897 1034 βασιλεῦ,
913 945 990 1016 ούτε
1004 945 1066 1014 άλ-

60 1049 137 1114 λοτέ
144 1070 194 1136 κω
207 1047 361 1130 παρελδες
376 1039 474 1130 άνδρί
487 1047 572 1133 τῷδε
586 1041 684 1130 ἄχαρι
695 1040 806 1130 οὐδέν,
822 1044 1066 1131 φυλασσόμεθα

61 1144 95 1212 δέ
108 1145 144 1223 ἐς
157 1143 194 1210 σὲ
211 1145 266 1210 καὶ
287 1143 320 1221 ἐς
334 1138 395 1210 τὸν
408 1143 598 1228 μετέπεισεν
610 1141 735 1228 χρόνον
745 1145 851 1229 μηδὲν
861 1143 1063 1229 ἐξαμαρτελν.

58 1237 132 1309 ἀλλ’
162 1249 195 1308 εί
207 1265 259 1308 τοι
273 1245 374 1324 φίλον
394 1245 493 1306 τοῦτο
509 1236 599 1306 ούτω
619 1245 792 1326 γίνεσθαι,
817 1236 879 1326 χρή
905 1235 945 1326 δή
965 1238 1004 1308 τό
1027 1264 1065 1324 γε

58 1336 140 1426 ἐμὰν
161 1335 405 1424 ὑπηρετέεσθαι
425 1335 614 1422 ἐπιτηδέως.
665 1336 822 1405 Τούτοισι
837 1335 1064 1424 ἀμειψάμενος
1085 1365 1133 1420 109

57 1435 75 1506 ὁ
92 1434 278 1521 Ἅρπαγος,
305 1431 351 1513 ὥς
367 1439 402 1503 ολ
419 1433 595 1521 παρεδόθη
609 1430 648 1502 τό
663 1438 799 1504 παιδίον
813 1434 1064 1522 κεκοσμημένον

57 1535 120 1622 τήν
137 1536 191 1602 ἐπὶ
206 1530 362 1620 θανάτῳ,
376 1528 430 1616 ήιε
444 1537 571 1600 κλαίων
591 1535 625 1612 ές
638 1529 679 1601 τά
693 1537 800 1602 οἰκία·
829 1533 1012 1618 παρελθὼν
1027 1537 1063 1602 δέ

56 1640 178 1721 ἔφραζε
193 1638 236 1723 τή
246 1634 373 1702 ἑαυτοῦ
388 1632 524 1718 γυναικὶ
533 1632 594 1702 τδν
603 1630 711 1702 πάντα
717 1630 914 1720 Ἀστυάγεος
923 1633 1062 1723 [ρηθέν-

55 1730 111 1820 τα]
125 1731 235 1818 λόγον.
253 1729 274 1819 ή
288 1731 326 1801 δέ
339 1729 424 1818 πρὸς
437 1729 655 1820 αύτὸνλέῃει·
674 1739 755 1803 Νύν
768 1725 817 1803 ύν
829 1741 862 1802 τί
875 1753 927 1803 σοι
940 1736 977 1803 ἐν
990 1733 1061 1822 νόφ
1105 1735 1108 1742 ’

53 1835 124 1902 ἐστὶ
138 1831 283 1913 ποιέειν;
299 1828 336 1899 ‘O
353 1833 389 1898 δὲ
403 1828 589 1918 άμείβεται·
608 1828 660 1900 Ού
676 1838 717 1921 τή
733 1830 1064 1902 ένετέλλετοἉστυά-

55 1957 134 2017 γης,
159 1926 233 1997 οὐδ’
256 1934 286 1997 ελ
307 1928 563 2015 παραφρονήσει
578 1954 614 1997 τε
641 1931 698 1997 καί
714 1931 868 2015 μανέεται
888 1926 1062 2017 κάκιον,ή

54 2036 123 2098 νῦν
137 2033 299 2114 μαίνεται,
317 2025 361 2095 ού
375 2031 409 2094 οί
421 2033 527 2112 ἔγωγε
540 2023 778 2114 προσθήσομαι
787 2035 828 2117 τῇ
839 2025 967 2117 γνωμῃ,
983 2024 1062 2096 ούδέ

54 2130 89 2206 ἐς
110 2124 222 2212 φόνον
244 2132 399 2193 τοιοῦτον
422 2121 630 2211 ὑπηρετήσω.
665 2132 801 2194 πολλῶν
824 2124 860 2194 δέ
876 2131 1006 2195 εἵνεκεν
1020 2123 1062 2193 ού

55 2221 216 2309 φονεύσω
235 2248 312 2309 μιν,
335 2224 392 2290 καὶ
406 2220 458 2290 ὅτι
473 2219 563 2313 αὐτῷ
581 2247 638 2309 μοι
654 2222 820 2311 συγγενής
833 2227 902 2294 ἐστι
930 2223 949 2293 ὁ
974 2239 1061 2310 παῖς,

54 2324 112 2392 καί
138 2319 190 2390 ὅτι
208 2318 389 2406 Ἀστυάγης
411 2321 473 2406 μέν
496 2323 564 2389 ἐστι
586 2321 697 2408 γέρων
717 2325 773 2391 καί
799 2321 900 2404 άπαις
927 2329 1062 2410 ἔρσενος

53 2416 178 2511 μόνου·
200 2427 230 2489 εἰ
242 2420 279 2489 δὲ
290 2420 443 2509 ἐθελήσει
459 2420 581 2490 τούτου
596 2421 854 2509 τελευτήσαντος
869 2426 903 2503 ἐς
917 2421 979 2510 τήν
993 2434 1061 2491 θυ-

53 2521 178 2612 γατέρα
193 2518 320 2605 ταύτην
340 2516 541 2606 άναβῆναιή
559 2523 729 2606 τυραννίς,
752 2527 811 2606 τής
827 2529 893 2588 νῦν
907 2517 967 2588 τὸν
984 2515 1061 2588 υίδν

53 2625 178 2691 κτείνει
204 2614 245 2686 δι’
270 2621 368 2706 ἐμεῦ,
394 2617 477 2687 ἄλλο
497 2643 529 2686 τι
549 2614 571 2704 ή
592 2625 739 2688 λείπεται
756 2616 793 2688 τδ
811 2622 972 2689 ἐνθεῦτεν
989 2622 1062 2707 ἐμοὶ

53 2715 228 2787 κινδύνων
249 2713 267 2784 δ
291 2718 462 2803 μέγιστυςς
484 2712 568 2784 άλλά
590 2718 729 2804 τοῦμὲν
751 2715 918 2804 ἀσφαλέος
933 2721 1062 2787 εἵνεκεν

53 2815 130 2906 ἐμοὶ
146 2816 200 2880 δεῖ
210 2819 332 2880 τοῦτον
343 2819 503 2881 τελευτάν
513 2809 574 2881 τδν
588 2817 702 2900 παῖδα,
716 2819 770 2882 δελ
774 2817 891 2900 μέντοι
904 2820 974 2882 τῶν
984 2811 1060 2882 τινὰ

49 2909 249 2997 Ἀστυάγεος
266 2907 372 2978 αύτοῦ
400 2911 507 2996 φονέα
533 2912 774 2998 γενέσθαικαὶ
801 2908 846 2998 μή
875 2917 943 2978 τῶν
960 2912 1058 2997 ἐμῶν.

57 3014 172 3076 Ταῦτα
188 3004 269 3094 εἷπε,
283 3010 340 3076 καὶ
354 3004 473 3077 αὐτίκα
487 3006 631 3096 ἄγγελον
643 3013 770 3094 ἐτεμπε
785 3011 838 3077 ἐπὶ
853 3015 922 3076 τοῖν
936 3006 1062 3093 βουκό-
1080 3032 1128 3086 110

51 3114 125 3173 λων
144 3109 214 3171 τῶν
231 3099 419 3191 Ἀστυάγεω
443 3102 504 3173 τὸν
518 3103 679 3193 ήτίστιιτο
692 3104 798 3192 νομάς
822 3131 858 3175 τε
881 3108 1060 3192 ἐπιτηδεω-

52 3197 154 3279 τάτας
167 3202 313 3290 νέμοντα
328 3203 387 3269 καὶ
399 3199 502 3288 ούρεα
515 3203 786 3289 θηριωδέστατα,
809 3209 856 3293 τῷ
872 3202 1002 3290 ούνομα
1015 3195 1060 3290 ήν

51 3295 280 3387 Μιτραδάτης.
310 3300 515 3365 συνοίκεεδέ
532 3300 661 3366 ἑωυτοῦ
674 3297 856 3388 συνδούλῃ,
879 3299 1008 3386 ούνομα
1023 3301 1059 3367 δέ

52 3405 92 3484 τῇ
113 3403 250 3484 γυναικί
263 3387 325 3483 ήν,
350 3403 390 3485 τῇ
405 3402 576 3480 συνοίκεε,
602 3393 706 3496 Κυνύ
720 3395 803 3466 κατά
818 3394 880 3484 τήν
888 3393 1059 3483 Ἑλλήνων
