2354 3840
210 190 217 197 “
316 209 401 265 ιιο.
433 209 481 264 w.
516 207 615 264 σοι.
649 212 789 268 ιε-οι.
997 207 1059 271 εοε

60 367 96 434 δ)
119 363 242 451 ταύτης
264 361 335 434 ἄνω
354 363 440 434 ίόντι
465 366 610 433 οἰκέουσι
633 361 770 433 Σκύθαι
795 370 936 454 γεωργοὶ
980 378 1058 449 τούς

54 460 208 546 Ἕλληνες
228 465 262 528 οί
279 465 444 540 οἰκέοντες
464 462 516 528 ἐπὶ
536 466 581 550 τῷ
597 456 714 527 Ὑπάνι
738 471 875 555 ποταμῷ
902 470 1058 537 καλέουσι

59 565 343 645 Βορυσθενεΐτας,
366 560 469 644 σφέας
485 561 520 625 δὲ
536 553 661 636 αύτούς
677 555 929 646 Ὀλβιοπολίτας.
963 555 1057 631 οὗτοι

60 653 109 728 οἶν
133 663 168 727 οί
184 661 326 744 γεωργοὶ
341 658 479 727 Σκύθαι
499 660 655 745 νέμονται
675 657 712 725 τὸ
735 661 799 745 μὲν
817 659 902 748 πρὸς
923 659 986 749 τήν
1009 660 1056 749 ήῶ

59 759 113 825 ἐπὶ
135 769 223 840 τρεῖς
248 752 373 842 ἡμέρας
396 752 498 843 ὁδοῦ,
519 755 717 842 κατήκοντες
742 759 794 825 ἐπὶ
818 757 984 846 ποταμὸν,
1012 767 1058 851 τῷ

58 851 190 940 οὔνομα
202 851 311 920 κέεται
324 852 555 939 Παντικάπης,
577 850 614 919 τὸ
637 854 673 921 δὲ
693 851 776 938 πρὸς
790 859 913 943 βορέην
933 855 1058 943 άνεμον

58 949 167 1019 πλέον
181 947 245 1017 άνά
260 947 320 1018 τὸν
335 952 551 1035 Βορυσθένεα
565 947 715 1037 ἡμερέων
730 953 864 1020 ἕνδεκα·
886 951 907 1041 ἡ
929 955 965 1023 δὲ
978 982 1057 1022 κατ-

60 1048 191 1136 ύπερθε
211 1047 341 1116 τούτων
363 1049 483 1135 έρήμός
504 1051 572 1115 ἐστι
592 1051 644 1115 έπὶ
665 1049 799 1117 πολλάν.
833 1049 914 1136 μετά
936 1053 971 1119 δὲ
996 1051 1062 1139 τήν

59 1149 187 1234 ἐρῆμον
203 1142 427 1234 Ἀνδροφάγοι
448 1147 610 1231 οἰκέουσι,
633 1150 733 1223 ἔθνος
748 1144 805 1214 ἐὰν
825 1151 913 1215 ίδιον
928 1152 982 1216 καὶ
996 1147 1058 1217 οὐ·

59 1249 172 1330 δαμῶς
185 1244 373 1313 Σκυθικόν.
402 1240 439 1311 τὸ
455 1246 491 1311 δὲ
505 1244 636 1311 τούτων
650 1242 842 1328 κατύπερθε
857 1247 976 1330 έρὴμος
993 1242 1055 1331 ήδη

57 1339 210 1426 άληθέως
224 1343 277 1409 καὶ
293 1347 394 1419 ἔθνος
408 1339 602 1424 ἀνθρώπων
618 1337 735 1424 οὐδὲν,
751 1338 832 1407 ὅσον
841 1337 934 1426 ἡμεῖς
949 1343 1053 1426 ίδμεν.

61 1437 107 1507 Τὸ
124 1439 161 1507 δὲ
176 1435 259 1525 πρὸς
274 1436 335 1524 τήν
348 1435 397 1525 ηὀδ
409 1444 476 1505 τῶν
489 1444 648 1524 γεωργῶν
661 1436 790 1505 τούτων
800 1441 968 1506 Σκυθέων
982 1440 1056 1503 δια-
1072 1455 1104 1511 19

57 1534 157 1623 βάντι
177 1532 237 1602 τὸν
257 1534 477 1620 Παντικάπην
498 1531 647 1619 ποταμόν
669 1535 812 1621 νομάδες
837 1531 900 1622 ήδη
918 1535 1056 1604 Σκύθαι

58 1633 232 1718 νέμονται,
262 1627 341 1698 οὕτε
373 1658 404 1699 τι
435 1638 627 1716 σπείροντες
651 1628 751 1699 ούδδν
777 1630 853 1700 οὔτε
879 1631 1055 1721 ἀροῦντες·

59 1725 137 1815 ψιλή
154 1730 191 1795 δὲ
205 1730 402 1815 δενδρέωνὴ
412 1734 502 1797 πάσα
510 1730 593 1818 αὕτη
604 1740 647 1818 γή
657 1735 745 1820 πλὴν
755 1733 951 1819 τήςὙλαιής.
973 1734 1006 1796 oc
1019 1729 1055 1796 δὲ

58 1827 201 1914 νομάδες
222 1819 316 1895 οὗτοι
334 1825 371 1894 τὰ
393 1824 476 1915 πρὸς
497 1823 560 1913 τήν
573 1824 623 1913 ήῶ
644 1824 794 1913 ἡμερέων
815 1829 979 1911 τεσσέρων
1000 1828 1054 1892 καὶ

58 1935 138 1998 δέκα
152 1925 236 1997 ὁδὸν
250 1931 407 2014 νέμονται
421 1928 534 2016 χάρην
554 1934 814 1995 κατατείνουσαν
833 1927 884 1993 ἐπὶ
905 1923 1055 2011 ποταμὸν

57 2030 196 2114 Γέρρον.
239 2027 355 2113 Πέρην
369 2030 405 2094 δὲ
418 2032 480 2093 τού
493 2029 623 2113 Γέρρου
637 2032 740 2093 ταῦτα
755 2023 795 2112 δή
811 2022 851 2092 τά
866 2023 1053 2109 καλεύμενα
1067 2037 1101 2089 20

61 2123 215 2212 βασιλήιά
235 2128 303 2192 έστι
325 2127 380 2192 καὶ
399 2125 537 2193 Σκύθαι
564 2129 597 2193 oc
620 2122 751 2210 ἄριστοί
772 2150 806 2190 τε
832 2126 887 2190 καὶ
909 2131 1055 2189 πλεῖστοι

58 2234 112 2297 καὶ
126 2226 205 2306 τούς
222 2225 344 2306 άλλους
357 2233 546 2313 νομίζοντες
559 2227 701 2304 Σκύθας
716 2225 858 2303 δούλους
875 2224 1055 2310 σφετέρους

58 2327 161 2396 εἶναι·
188 2325 369 2412 κατήκουσι
384 2325 425 2393 δὲ»
442 2317 535 2392 οὗτοι
556 2321 591 2391 τὰ
610 2323 672 2410 μὲν
692 2319 776 2406 πρὸς
794 2325 1002 2407 μεσαμβρίην
1022 2321 1054 2394 ές

57 2424 120 2514 τήν
138 2423 326 2513 Ταυρικήν,
341 2421 378 2491 τὸ
396 2423 432 2491 δὲ
446 2420 530 2511 πρὸς
546 2419 595 2508 ήῶ
610 2424 665 2488 έπί
676 2445 710 2488 τε
725 2418 873 2506 τάφρον,
895 2415 956 2502 τήν
968 2414 1007 2500 δὴ
1022 2418 1057 2480 οί

59 2530 177 2596 ἐκτῶν
196 2532 335 2613 τυφλῶν
353 2523 530 2611 γενόμενοι
552 2521 700 2612 ύρυξαν,
723 2523 778 2589 καὶ
799 2522 851 2588 ἐπί
866 2525 923 2606 τῆς
938 2524 1054 2604 λίμνης

56 2632 113 2712 τής
129 2623 314 2712 Μαιήτιδος
335 2623 372 2692 τὸ
395 2625 572 2712 ἐμπόριον,
594 2621 630 2690 τὸ
655 2625 804 2691 καλέεται
818 2625 986 2706 Κρημνοί·
1014 2612 1053 2685 τά

57 2724 93 2791 δὲ
109 2720 222 2790 αὐτῶν
237 2722 419 2809 κατήκουσι
435 2724 487 2790 ἐπὶ
501 2716 651 2806 ποταμὸν
668 2718 804 2786 Τάναιν.
834 2712 874 2783 τά
895 2716 931 2783 δέ
952 2713 1055 2782 κατύ-

55 2831 163 2906 περθε
184 2818 267 2908 πρὸς
294 2829 418 2908 βορέην
444 2819 570 2907 ἄνεμον
593 2818 660 2886 τῶν
684 2823 867 2906 βασιληίων
887 2818 1054 2883 Σκυθέων

55 2923 202 2990 οἰκέουσι
218 2919 485 3005 Μελάγχλαινοι,
508 2917 588 2987 ἄλλο
611 2924 711 2995 ἔθνος
731 2917 785 2981 καί
810 2911 851 2980 ού
864 2910 1051 2981 Σκυθικόν.

56 3022 323 3102 Μελαγχλαίνων
337 3016 372 3084 δὲ
385 3012 422 3084 τδ
443 3017 634 3102 κατύπερθε
647 3021 761 3100 λίμναι
779 3013 833 3079 καὶ
850 3008 970 3096 έρὴμάς
986 3011 1054 3075 ἐστι

54 3113 268 3201 άνθρύπωυ,
290 3112 362 3181 κατ’
381 3112 463 3180 ὅσον
483 3111 575 3200 ἡμεῖς
595 3117 698 3199 ίδμεν.
747 3109 875 3178 Τάναϊν
892 3106 928 3174 δὲ
948 3130 1051 3172 ποτα·
1068 3118 1099 3170 21

52 3211 121 3300 μόν
133 3211 289 3299 διαβάντι
307 3208 418 3279 οὐκέτι
433 3207 608 3296 Σκυθική,
631 3207 704 3276 ἀλλ’
726 3206 746 3295 ἡ
769 3209 831 3293 μὲν
851 3204 964 3293 πρώτη
986 3210 1054 3270 τῶν

51 3318 177 3395 λαξίων
191 3314 440 3399 Σαυροματέων
461 3313 544 3396 ἐστὶ,
568 3317 602 3378 οδ
615 3312 650 3378 έκ
671 3315 731 3376 τοῦ
748 3314 857 3393 μυχοῦ
874 3303 1053 3393 ἀρξάμενοι

52 3422 111 3498 τῆς
126 3410 313 3499 Μαιήτιδος
328 3417 444 3498 λίμνης
460 3415 616 3495 νέμονται
630 3407 666 3475 τό
683 3404 766 3494 πρὸς
780 3407 903 3492 βορέην
917 3402 1053 3487 άνεμου,

956 3530 1112 3622 Α
