2354 3840
148 212 207 276 118
533 214 790 273 HERODOTI

145 396 210 444 σαν
239 375 396 464 ἑξήκοντα
427 388 570 459 σχοῖνοι,
603 369 685 440 κατά
713 368 808 459 ἡμεῖς
839 372 1093 459 διαιρέομεν
1064 398 1137 441 εινιι

145 471 356 560 Αίγνπτον’
337 471 403 541 απὸ
421 499 481 541 του
467 470 734 557 Πλινθινήτεω
748 469 879 592 κόλπου
897 473 995 557 μέχρι
1008 478 1137 561 Σερβω-

144 576 237 650 νίδος
257 577 391 657 λίμνης,
405 567 501 736 ίπαρ’
525 567 569 656 ἢν
589 567 626 636 τό
645 568 775 637 Κάσιον
797 561 900 654 οὖρος
921 576 1042 638 τείνει
1066 570 1132 639 ταό

144 696 202 756 της
224 662 273 738 τόν
297 667 403 737 άποο
385 667 600 755 οίὲξήκουτα
626 680 752 752 σχοῖνοι
774 672 845 735 είσί
897 664 972 735 ὅσοι
996 667 1061 754 μὲν
1082 664 1136 753 γὰρ

144 774 325 852 γεωπείναί
339 773 402 835 είσι
424 764 634 852 άυθρωπων,
664 761 819 853 ὀργυιῇσι
839 764 1066 852 μεμετρήκασι
1084 760 1136 851 τὴν

144 866 272 985 κόρην,
295 865 368 934 οσοι
384 865 452 933 W
432 884 530 933 εσσον
544 877 739 950 γεωπεῖναι,
760 867 940 951 σταδίοισι,
963 870 1000 932 οἳ
1012 864 1050 932 δέ
1064 870 1137 931 πολ·

145 963 209 1052 λην
225 970 354 1051 ἔχουσι,
379 963 630 1050 παρασάγγῃσι,
658 969 693 1029 οἳ
707 958 782 1030 δέ
759 971 919 1048 αφθονον
934 969 1030 1051 λίην,
1057 968 1139 1049 σχοί-

143 1082 241 1129 νοισι.
266 1062 406 1129 δύναται
421 1057 489 1129 δδὸ
507 1061 570 1146 μὲν
589 1059 806 1148 παρασάγγης
821 1060 1001 1150 τριήκοντα
1018 1062 1136 1148 στάδια,

144 1157 162 1227 ὁ
180 1159 216 1227 δέ
231 1173 361 1245 σχοῖνος
378 1159 529 1245 ἕκαστος,
555 1161 678 1245 μέτρον
690 1156 748 1227 έδν
760 1157 965 1248 Αίγύπτιον,
989 1158 1136 1250 ἑξήκοντα

144 1259 270 1328 στάδια.
313 1257 402 1326 οὕτω
423 1257 467 1326 δν
493 1269 608 1346 είησαν
628 1258 804 1345 Αίγόπτου
825 1258 955 1327 στάδιοι
980 1262 1136 1342 ἑξακόσιοι

115 1363 200 1430 λκαλ
219 1366 392 1447 τρισχίλιοι
412 1356 450 1426 τό
472 1356 562 1447 παρὰ
578 1360 767 1429 θάλασσαν.
807 1356 987 1429 Ἐυθεῦτεν
1010 1361 1074 1448 μέν
1090 1361 1137 1427 καλ

145 1462 238 1545 μέχρι
268 1455 384 1524 Ἡλίου
416 1456 533 1534 πόλιος
563 1459 596 1535 ές
629 1454 691 1543 τὴν
723 1456 909 1542 μεσόγαιάν
944 1461 1016 1527 έστι
1047 1456 1136 1543 εὐρέα

145 1567 332 1642 Αἴγυπτος,
361 1559 463 1623 ἐοῦσα
483 1560 573 1623 πάσα
593 1553 694 1642 ὑπτίη
715 1581 751 1624 τε
764 1559 821 1624 καὶ
834 1561 974 1644 ἔνυδρος
990 1559 1047 1626 καλ
1063 1556 1134 1635 ίλός

146 1665 213 1725 ἔστι
235 1654 271 1723 δέ
295 1650 373 1732 ὁδός
393 1656 426 1732 ές
445 1651 507 1740 τὴν
526 1651 643 1722 Ἡλίου
664 1654 766 1723 πόλιν
790 1652 855 1722 άπό
878 1654 1056 1743 θαλάσσης
1074 1654 1137 1723 ἄνω

146 1754 230 1825 ίόντι
246 1758 457 1839 παραπλησίη
471 1748 509 1819 τό
525 1757 630 1838 μῆκος
642 1759 683 1840 τῇ
699 1754 731 1832 ἐξ
752 1749 923 1839 Ἀθηνέων
939 1750 1010 1844 ὁδῷ
1022 1760 1064 1842 τῇ
1079 1748 1137 1819 άπό

144 1860 212 1920 τῶν
227 1851 380 1921 δυόδεκα
392 1857 486 1919 θεάν
499 1857 560 1919 τοῦ
574 1857 692 1939 βωμοῦ
707 1851 859 1940 φεροάση
872 1858 905 1931 ές
918 1878 954 1921 τε
963 1859 1079 1922 Πίσαν
1091 1854 1139 1921 καὶ

144 1955 198 2021 έπὶ
213 1949 274 2020 τόν
293 1947 379 2039 νηόν
392 1957 453 2018 τοῦ
469 1948 554 2029 Διός
573 1957 634 2018 τοῦ
657 1946 866 2036 Οὐλυμπίου.
903 1951 1049 2040 σμικρόν
1063 1978 1095 2019 τι
1107 1947 1139 2018 τό

144 2051 311 2137 διάφορον
333 2049 426 2136 εὕροι
447 2077 495 2128 τις
515 2044 560 2116 άν
581 2049 794 2135 λογιζόμενος
812 2056 882 2118 τάν
896 2048 989 2119 ὁδῶν
1002 2050 1139 2131 τούτων,

143 2146 180 2216 τό
203 2145 247 2234 μὴ
269 2157 342 2225 ίσας
361 2153 465 2234 μῆκος
485 2146 587 2234 εἶναι,
618 2145 661 2214 οὗ
681 2149 784 2215 πλέον
807 2151 1046 2217 πεντεκαίδεκα
1068 2168 1141 2216 στα-

144 2250 241 2313 δίων·
265 2241 286 2333 ἡ
304 2245 366 2330 μέν
380 2243 444 2332 γάρ
459 2249 492 2325 ές
504 2253 617 2314 Πίσαν
631 2248 664 2326 ἐξ
681 2243 853 2332 Ἀθηνέων
873 2249 1013 2315 καταδεί
1027 2270 1137 2315 πεντε-

142 2348 278 2413 καίδεκα
299 2349 443 2413 σταδίων
464 2341 508 2423 ὡς
529 2341 574 2432 μη
598 2343 683 2414 εἶναι
697 2351 926 2413 πεντακοσίων
946 2346 1004 2413 καί
1018 2350 1141 2431 χιλίων,

140 2440 161 2532 ἡ
177 2444 213 2511 δέ
227 2445 260 2522 ές
276 2441 393 2511 Ἡλίου
407 2443 507 2512 πόλιν
521 2439 586 2510 άπό
604 2443 778 2529 θαλάσσης
795 2450 920 2528 πληροῖ
936 2444 970 2520 ές
994 2436 1058 2509 τὸν
1072 2437 1143 2529 ιἰρι-

110 2538 234 2626 θθμδν
254 2549 383 2609 τοῦτον.
418 2538 496 2608 Ἀπὸ
515 2542 552 2608 δέ
573 2539 690 2610 Ἡλίου
710 2541 826 2620 πόλιος
843 2539 914 2607 άνω
928 2539 1016 2609 ίόντι
1030 2536 1143 2623 στεινηΙ

143 2641 210 2705 έστι
224 2646 403 2723 Αίγυπτος.
437 2644 478 2727 τῇ
500 2637 563 2725 μὲν
580 2635 647 2725 γάρ
664 2645 722 2725 τῆς
739 2637 892 2725 Ἀραβίης
913 2631 1017 2721 οὖρος
1035 2660 1143 2722 παρα-

142 2736 281 2818 τέταται,
306 2735 411 2820 φέρον
426 2732 485 2801 άπ’
501 2733 627 2823 άρκτου
645 2735 728 2822 πρὸς
744 2743 949 2822 μεσαμβρίης
963 2760 1001 2803 τε
1015 2736 1074 2803 καὶ
1087 2733 1145 2803 νό-

141 2856 218 2916 τον,
247 2831 311 2898 αίεὶ
325 2828 397 2898 άνω
411 2844 523 2899 τείνον
543 2834 576 2910 ές
591 2829 654 2919 τὴν
670 2829 840 2920 Ἐρυθρὴν
856 2836 1066 2920 καλεομένην
1078 2830 1145 2902 δά·
1166 2898 1170 2909 ,

141 2938 280 3014 λασσαν,
302 2933 339 2996 έν
355 2937 400 3020 τῷ
417 2934 453 2997 αί
467 2938 658 3017 λιθοτομίαι
669 2937 771 3000 ἔνεισι
786 2936 822 3000 αἱ
835 2934 868 3010 ές
882 2929 943 3011 τάς
956 2935 1145 3019 πυραμίδας

141 3039 402 3115 κατατμηθεῖσαι
423 3027 482 3107 τὰς
503 3033 540 3096 έν
556 3033 686 3117 Μέμφι.
726 3031 832 3120 ταότη
852 3030 915 3117 μέν
934 3037 1043 3118 λῆγον
1062 3028 1144 3101 άντ-

143 3124 284 3211 κάμπτει
305 3126 338 3205 ές
359 3123 400 3193 τά
423 3136 550 3213 εἴρηται
570 3123 608 3193 τὸ
631 3121 750 3215 οὖρος·
786 3135 826 3216 τῇ
853 3129 889 3196 δέ
910 3124 995 3196 αὐτὸ
1016 3128 1142 3197 ἑωυτοῦ

142 3225 208 3291 έστλ
229 3223 455 3310 μακρότατον,
490 3222 535 3304 ὡς
561 3221 625 3312 έγοδ
648 3226 910 3313 ἐπυνθανόμην,
938 3225 1003 3295 δάο
1027 3232 1144 3315 μηνοῖν

143 3316 224 3386 αὐτὸ
248 3318 333 3388 εἶναι
357 3328 415 3407 τῆς
440 3320 524 3390 ὁδοῦ
548 3318 615 3390 άπὸ
639 3318 724 3410 ἠοῦς
747 3320 832 3409 πρός
857 3324 1019 3409 ἑσπέρην,
1046 3320 1090 3391 τὰ
1109 3322 1143 3391 a

142 3416 225 3504 πρός
244 3416 307 3505 τὴν
330 3415 380 3503 ἠῶ
403 3419 661 3506 λιβανωτοφόρα
685 3419 791 3489 αὐτοῦ
816 3418 856 3488 τά
881 3421 1027 3507 τέρματα
1049 3418 1132 3491 εἶναι
