2354 3840
239 220 375 277 οιοι.
408 219 504 277 cAP.
537 226 636 282 ιιο-
599 231 710 285 -m
929 227 972 292 95

40 403 139 465 τερον
153 383 214 444 τοῦ
228 397 379 458 ποταμον
364 372 530 460 αἱμασιή
547 383 701 446 πλίνθων
721 379 848 451 όπτέων
861 409 969 473 παρα-

40 500 86 542 ει.
114 469 240 541 16⁸6}
218 490 302 539 αστυ
315 466 397 537 αάτό
415 468 473 538 έδν
487 477 611 558 πλῆρες
624 478 756 544 οίκιέωυ
769 481 968 567 τριωρόφων

40 572 81 636 :al
101 568 324 656 τετρωρόφων
341 566 626 652 κατατέτμηται
590 595 648 648 τας
663 568 764 652 όδοός
779 579 889 661 ἱθέας,
910 576 969 655 τάς

41 667 129 745 ἴλλας
143 663 249 735 mi*
213 692 271 744 τας
285 664 526 751 ἐπικαρσίας
490 693 548 744 τας
562 667 663 736 622¹
629 694 689 737 του
705 671 854 758 ποταμόν
871 674 963 760 έχούι

62 792 148 834 κατα
136 757 252 851 ’δή
227 790 275 831 ων
292 762 433 848 ἑκάστην
450 760 532 831 ὁδόν
553 767 602 832 ἐν
610 773 650 854 τῇ
670 773 805 858 αἱμασιῇ
821 779 861 859 τῇ
875 768 964 858 παρά

45 858 197 946 ποταμόν
210 862 345 936 πυλίδες
362 859 547 946 έπήσαν,”
526 881 603 929 οσαι
619 886 682 949 περ
698 869 735 931 αἱ
748 873 887 952 λαῦραι,
908 892 964 934 το-

41 983 93 1024 ται
108 953 267 1080 ἀριθμόν.
289 947 376 1041 ἦσαν
397 955 433 1021 δὲ
450 949 563 1024 καὶ
519 983 616 1028 αοται
629 959 781 1046 χάλκεαι,
803 967 965 1082 φέρουσαι

42 1051 140 1121 αὗται
128 1055 189 1132 ’ἐς
202 1050 306 1121 αὐτόν
320 1050 380 1120 τόν
395 1054 553 1140 ποταμόν
592 1064 697 1124 Τοῦτο
711 1060 773 1144 μέν
790 1059 878 1147 δή“
844 1087 881 1128 το
897 1078 964 1131 τιτ-
984 1085 1029 1143 ιςι

41 1149 158 1236 θάρηξ
178 1152 305 1236 ἐστί,”
284 1175 399 1236 ετερον
416 1152 452 1218 δὲ
473 1157 602 1219 ἔσωθεν
622 1168 726 1238 τεῖχος
749 1157 897 1242 περιθέει
923 1158 964 1226 οὐ

41 1256 83 1338 ἰῷ
96 1252 158 1338 τέφ
173 1245 415 1333 ἀσθενέστερον
431 1254 492 1315 τοῦ
508 1250 621 1334 ἑτέρου
641 1257 778 1336 τείχεος,
800 1251 962 1321 στεινότε-

47 1350 93 1414 δέ.
117 1349 154 1414 έν
168 1347 204 1414 δέ
221 1346 345 1432 φάρσεϊ
358 1347 500 1436 ἑκατέρην
516 1353 574 1432 τῆς
587 1348 703 1427 πόλιος
735 1357 908 1436 τετείχιστο
926 1353 963 1418 έν

41 1471 75 1529 ο,
97 1447 134 1512 ἐν
149 1450 195 1533 τῷ
209 1444 271 1529 μὲν
290 1440 330 1510 τά
345 1444 501 1529 βασιλήια
520 1443 686 1535 περιβόλφ
701 1446 833 1537 μεγάλῳ
852 1473 888 1515 τε
908 1451 962 1516 καί

43 1546 111 1628 ριβ,
132 1542 169 1606 έν
190 1539 227 1606 66
241 1545 286 1629 τῷ
301 1540 400 1629 ἑτέρφ
416 1537 501 1617 Διὸς
513 1540 627 1626 Βήλου
647 1539 723 1627 ἱρὸν
739 1544 960 1631 χαλκόπυλον,

42 1641 72 1715 ἐς
92 1638 148 1722 έμδ
169 1642 266 1704 τοῦτο
284 1642 333 1705 ότι
353 1634 427 1722 έόν,
449 1637 510 1704 δόο
525 1644 669 1708 σταδίων
687 1641 814 1730 πάντη,
835 1641 892 1711 έδν
907 1667 960 1709 τε·

42 1752 159 1800 ιιονον.’
174 1734 211 1799 έν
224 1735 312 1822 μέσφ
329 1734 364 1800 δέ
378 1739 439 1800 τοῦ
452 1738 529 1819 ἱροῦ
542 1734 670 1820 πόρνος
684 1735 815 1823 στερεός
829 1736 960 1806 οἰκοδό-

42 1857 84 1915 ιι,
101 1832 236 1897 σταδίου
247 1831 302 1895 καὶ
315 1825 352 1895 τό
368 1835 470 1914 μῆκος
480 1833 535 1897 καὶ
544 1827 580 1897 τό
594 1824 701 1918 εὖρος,
717 1835 771 1899 καὶ
785 1835 838 1900 ἐπὶ
853 1834 959 1925 τοότφ

42 1929 155 2018 τόρηφ
176 1925 275 2005 ἀλλος
299 1927 427 2013 πόρνος
448 1931 637 2015 ἐπιβέβηκε,
659 1932 713 1996 καὶ
738 1932 848 2016 ἕτερος
871 1929 959 2014 μάλα

42 2027 156 2116 ιοῦτφ,
179 2028 273 2112 μέχρι
287 2019 329 2093 οὗ
345 2023 430 2093 ὀκτό
441 2028 590 2113 πύργων.
613 2026 775 2115 ἀνάβασις
795 2029 831 2096 δὲ
849 2031 881 2106 ές
896 2027 957 2096 αό-

57 2127 184 2202 ίξωθεν
205 2122 317 2212 κόκλφ
334 2126 410 2207 περὶ
430 2124 557 2202 πάντας
576 2122 655 2203 τοῦς
674 2125 824 2212 πύργους
839 2132 957 2213 ἔχουσα

42 2227 147 2305 ιίηται.
171 2226 329 2305 μεσοῦντι
352 2222 392 2286 δέ
408 2245 472 2287 κου
492 2228 549 2307 τῆς
568 2221 750 2309 ἀναβάσιός
770 2224 838 2292 ἐστι
857 2249 958 2290 κατα-

42 2316 56 2402 ή
76 2341 112 2383 τι
126 2317 181 2383 καί
195 2322 305 2383 θῶκοι
329 2313 589 2404 ἀμπαυστήριοι,
612 2321 648 2387 έν
668 2335 753 2388 τοῖσι
775 2325 957 2399 κατίζοντες

42 2413 174 2482 ιόονται
188 2416 222 2479 οἱ
234 2409 479 2499 ἀναβαίνοντες.
503 2417 540 2482 ἐν
550 2417 586 2482 δὲ
595 2424 640 2504 τῷ
654 2422 828 2505 τελευταίῳ
838 2417 956 2505 πάρηφ

63 2515 174 2576 ἔπεστι
191 2510 307 2593 μέγας·
335 2510 372 2576 ἐν
388 2510 424 2576 δὲ
440 2516 486 2597 τῷ
500 2517 570 2598 νηῷ
591 2517 686 2596 κλίνη
707 2511 831 2597 μεγάλη
849 2514 953 2579 κέεται

43 2606 211 2690 ι’τρωμέιιη,
226 2611 285 2672 καί
292 2609 326 2673 οἱ
333 2606 475 2692 τράπεζα
487 2610 684 2693 παρακέεται
697 2609 828 2693 χρυσέη.
852 2604 955 2691 ἀγαλ-

43 2704 63 2768 6
79 2699 142 2768 οῦκ
159 2708 210 2771 ένι
232 2699 332 2771 οῦδὲν
349 2701 473 2772 αὐτόθι
497 2707 731 2791 ἐνιδρυμένον·
753 2702 831 2773 οὐδὲ
850 2704 955 2773 νύκτα

43 2796 70 2874 ἱς
86 2798 288 2880 ἐναυλίζεται
303 2797 515 2887 ἀνθρώπων,
538 2800 589 2868 ὅτι
603 2799 646 2888 μή
664 2799 750 2887 γυνή
766 2801 873 2887 μοόνη
887 2807 954 2866 τῶν

43 2898 163 2980 ορίων,
184 2892 247 2980 τήν
269 2890 312 2962 ἀν
336 2892 355 2963 6
376 2893 458 2973 θεός
479 2899 589 2982 ἕληται
609 2898 645 2963 eu
662 2892 855 2981 πασέων,
834 2921 877 2971 ως
900 2896 952 2960 λέ-

44 3017 57 3057 ι
72 2993 108 3057 οἱ
119 2995 281 3060 Χαλδαῖοι
296 2993 409 3071 ἐόντες
423 2996 509 3079 ἱρέες
524 2993 646 3061 τοῦτον
664 3016 724 3059 τοῦ
710 2996 831 3059 θεοῦ.
869 2991 953 3057 Φασὶ
972 3008 1020 3064 18ο

43 3076 188 3152 Ιὀποί
144 3111 273 3174 ουτοι,
290 3090 362 3173 ἐμοι
376 3086 491 3173 μέν’
451 3113 492 3155 ου
505 3085 603 3157 πιστά
620 3090 780 3171 λέγοντες,
795 3082 953 3154 τὸνθεόν

43 3208 62 3250 ν
84 3188 205 3267 φοιτᾶν
222 3209 258 3251 τε
273 3181 360 3262 ές“
326 3210 386 3252 τον
405 3182 490 3272 νηόν
513 3189 568 3255 καὶ
590 3184 803 3271 ἀμπαύεσθαι
825 3186 935 3252 ἐπὶ
896 3211 953 3271 της

43 3304 88 3365 ης,
110 3279 194 3346 κατά
209 3305 271 3367 περ
286 3284 324 3350 έν
338 3283 468 3372 Θήβησι
488 3291 562 3372 τῇσι
575 3287 774 3370 Αἱμυπτίησι
789 3280 871 3349 κατά
891 3279 952 3351 τόν

44 3400 61 3440 ν
85 3373 228 3462 τρόπον,
262 3374 306 3455 ὦς
331 3380 466 3464 λέγουσι
487 3385 522 3446 οἱ
541 3378 717 3463 Αἰγύπτιοι
741 3378 884 3463 (καὶηάρ
907 3378 947 3463 δή
