2354 3840
328 164 413 220 ειν.
448 166 468 221 1.
502 164 602 222 οΑΡ.
639 170 809 226 ιιι-ιω.
1037 164 1077 228 ολ

66 320 554 409 ειεχωρισμένοισιπολλόνταλν
565 348 600 390 τε
611 320 724 393 ἀλλων
736 321 932 411 ἀνθρώπων
943 328 997 393 καί
1006 332 1078 393 Κα-

14 508 16 513 Ι
69 422 151 504 ρων.
172 429 258 487 τοῖσι
274 416 338 505 γάρ
360 417 539 488 κάλλιστόν
559 424 627 489 ἐστι
645 418 718 488 κατ’
737 417 871 508 ἡλικίην
891 449 926 489 τε
947 425 1002 490 καὶ
1018 450 1078 508 φι-

14 544 16 548 ·
68 513 190 602 λότητα
214 513 331 585 ίλαδόν
351 524 572 604 συγγίνεσθαι
593 519 626 597 ἐς
642 517 761 606 πόσιν,
786 520 841 585 καλ
859 516 1001 606 ἀνδράσι
1023 521 1077 587 καί

66 616 201 698 γυναιξὶ
219 616 276 682 καὶ
295 621 398 683 παισί.
427 618 661 703 ίδρννθέντων
682 616 721 684 δέ
740 636 801 703 σφι
817 620 902 703 ίροῖν
923 618 1077 695 ξεινικῶν

66 711 275 797 μετέπειτεν,
299 710 343 790 ἀς
367 732 429 799 σφι
450 712 589 794 ἀπέδοξε
611 719 718 800 (ἔδοξε
744 713 780 781 δέ
803 727 888 782 τοῖσι
909 719 1077 800 πατρίοισι

66 816 199 897 μοῦνον
224 816 371 897 χρᾶσθαι
397 816 539 897 θεοῖσι),
566 810 723 892 ἐνδόντες
750 810 790 879 τά
820 808 908 879 ὅπλα
933 808 1077 887 ἀπαντες

67 906 213 975 Καύνιοι
228 903 371 995 ἡβηδόν,
388 907 568 988 τύπτοντες
582 909 723 996 δούρασι
734 906 794 976 τόν
807 905 889 995 ήέρα
904 912 997 995 μέχρι
1013 903 1075 972 οά-

67 1029 138 1092 ρων
158 1010 226 1072 των
240 1009 463 1075 Καλυνδικῶν
486 1011 635 1094 εἵποντο,
664 1009 719 1075 καὶ
745 1012 875 1093 ἔφασαν
898 1004 1073 1093 ἐκβάλλειν

65 1099 146 1180 τούς
169 1101 334 1184 ξεινικοὺς
353 1104 467 1184 θεούς.
518 1109 584 1176 Καὶ
599 1097 693 1172 οὗτοι
713 1108 775 1191 μὲν
790 1104 943 1192 τρόποισι
960 1100 1075 1169 τοιοό-
1087 1114 1137 1172 m

65 1220 152 1269 τοισι
168 1203 339 1288 χρέονται,
362 1205 395 1270 οί
409 1206 445 1270 δὲ
460 1203 582 1271 Λόκιοι
598 1206 634 1271 ἐκ
650 1202 783 1288 Κρήτης
797 1199 962 1287 τάρχαῖον
975 1195 1074 1283 γεγό-

64 1318 145 1367 υασι
166 1296 243 1386 (τήν
258 1297 323 1387 μάρ
341 1300 480 1388 Κρήτην
497 1299 585 1388 είχον
600 1298 637 1369 τό
653 1297 798 1367 παλαιόν
819 1304 931 1365 πᾶσαν
944 1296 1075 1384 βάρβα·

64 1400 147 1485 ροι).
169 1399 425 1485 διενειχθέντων
437 1402 474 1467 δὲ
486 1401 525 1466 έν
537 1399 654 1488 Κρήτη
665 1399 741 1486 περὶ
754 1404 812 1485 τῆς
822 1403 996 1484 βασιληίης
1007 1401 1075 1462 τόν

64 1493 235 1581 Εὐρώπης
257 1501 405 1584 παίδων,
427 1497 651 1585 Σαρπηδόνος
664 1524 700 1565 τε
720 1500 776 1565 καλ
790 1503 910 1583 Μίνω,
933 1493 977 1574 ὡς
998 1497 1075 1562 έπε-

62 1595 210 1682 ιιράτησε
225 1599 264 1682 τή
279 1595 375 1664 στάσι
390 1605 526 1684 Μίνως,
542 1599 677 1686 ἐξήλασε
694 1593 799 1665 αὐτόν
817 1623 851 1665 τε
866 1595 1074 1685 Σαρπηδόνα

62 1698 121 1766 καί
143 1690 221 1772 τοάς
236 1694 418 1775 στασιώτας
433 1694 555 1763 αὐτοῦ·
578 1701 612 1764 οί
625 1696 661 1764 δὲ
681 1694 896 1774 ἀπωσθέντες
912 1691 1073 1762 ἀπίκοντο

64 1897 239 1981 νέμονται,
261 1891 346 1982 αὕτη
369 1892 407 1962 τδ
429 1891 573 1963 παλαιόν
595 1886 639 1981 ήν
659 1889 813 1977 Μιλυάς,
836 1894 870 1958 οί
889 1891 925 1958 δέ
939 1888 1072 1957 Μιλύαι

59 1986 140 2058 τότε
153 1991 308 2078 Σόλυμοι
323 1994 506 2061 ἐκαλέοντο.
530 1992 612 2069 τέως
621 1991 684 2076 μὲν
699 1986 739 2075 δή
756 1985 869 2055 αότάν
879 1984 1072 2073 Σαρπηδών

62 2083 162 2178 ἦρχε,
184 2095 217 2158 οί
237 2091 273 2159 δὲ
294 2092 468 2160 ἐκαλέοντο
483 2089 523 2158 τό
540 2089 602 2176 πέρ
624 2114 659 2156 τε
679 2085 855 2175 ήνείκαντο
873 2083 1002 2170 οὔνομα
1016 2086 1072 2150 καὶ

63 2192 131 2258 νῦν
147 2192 194 2256 έτι
208 2189 383 2258 καλέονται
399 2187 465 2257 ὑπὸ
481 2195 549 2256 τῶν
563 2198 746 2273 περιοίκων
761 2191 795 2255 οί
807 2186 929 2254 Λύκιοι
948 2189 1071 2271 Τερμί-

62 2296 129 2358 λαι.
159 2284 203 2366 ἀς
218 2289 254 2356 δὲ
272 2290 305 2368 ἐξ
322 2286 493 2375 Ἀθηνέων
508 2289 618 2367 Λύκος
639 2285 656 2356 ὁ
673 2292 878 2372 Πανδίονος,
902 2288 1069 2366 ἐξελαθείς

62 2387 120 2454 καί
141 2375 239 2464 οὗτος
260 2383 325 2454 ὑπὸ
348 2393 409 2454 τοῦ
432 2385 601 2472 ἀδελφεοῦ
622 2388 757 2473 Αίμέος,
781 2383 915 2454 ἀπίκετο
936 2388 970 2462 ές
990 2381 1070 2462 τοὺς

68 2489 232 2571 Τερμίλας
255 2481 345 2570 παρά
360 2486 585 2572 Σαρπηδόνα,
608 2482 697 2551 οὕτω
718 2482 758 2569 δή
775 2481 858 2550 κατά
874 2488 934 2549 τοῦ
951 2479 1070 2548 Λύκου

66 2580 127 2669 τήν
141 2584 335 2670 ἐπωνυμίην
348 2583 470 2652 Λύκιοι
484 2580 549 2650 ἀνά
568 2582 693 2671 χρόνον
710 2579 911 2669 ἐκλήθησαν.
934 2576 1067 2665 νόμοισι

62 2684 101 2752 δὲ
115 2682 155 2751 τὰ
170 2683 233 2771 μὲν
248 2691 458 2772 Κρητικοῖσι,
478 2682 519 2752 τά
541 2686 577 2753 δέ
591 2692 767 2773 Καρικοῖσι
784 2685 944 2770 χρέονται,
976 2683 1013 2746 ἓν
1031 2679 1067 2747 δὲ
1118 2745 1121 2749 ,

61 2783 141 2851 τόδε
157 2785 244 2849 ίδιον
258 2789 452 2868 νενομίκασι
466 2785 522 2850 καὶ
537 2779 711 2868 οὐδαμοῖσι
728 2779 859 2848 ἀλλοισι
873 2779 1067 2863 συμφέρον-

61 2904 116 2946 ται
130 2873 340 2965 ἀνθρόπων·
363 2882 520 2949 καλέουσι
534 2876 599 2948 ἀπὸ
611 2888 678 2947 τῶν
690 2881 843 2967 μητέρων
854 2876 999 2955 έωυτούς
1010 2878 1065 2943 καί

61 2973 139 3045 οὐκί
151 2972 215 3043 ἀπὸ
239 2983 307 3044 τοῖν
323 2979 485 3064 πατέρων.
514 2980 688 3067 είρομένου
704 2977 741 3045 δὲ
764 2979 877 3061 ἑτέρου
898 2971 959 3043 τόν
979 2981 1066 3059 πλη»

60 3079 154 3160 σίον,
175 3078 224 3150 τίς
240 3082 307 3159 είη,
328 3075 497 3154 καταλέξει
518 3073 645 3142 ἑωυτόν
659 3072 831 3160 μητρόθεν
851 3073 906 3139 καί
927 3077 984 3158 τής
1000 3097 1066 3157 μη-

59 3166 140 3259 τρός
154 3167 371 3256 ἀνανεμέεται
385 3167 444 3250 τάς
457 3173 608 3261 μητέρας.
631 3167 743 3256 καλήν
758 3170 819 3256 μέν
830 3196 868 3256 με
878 3166 966 3257 μονή
983 3167 1065 3257 ἀστή

59 3265 172 3358 δοόλρι
188 3264 389 3357 συνοικήσῃ,
411 3284 550 3355 γενναῖα
566 3269 606 3338 τά
621 3273 721 3339 τέκνα
738 3268 947 3357 νενόμισται,
969 3264 1014 3356 ήν
1029 3270 1066 3337 δὲ
