2354 3840
321 188 405 244 ΗΒ.
438 190 484 243 IV.
523 189 620 247 CAP.
652 197 827 252 159-164.
1001 195 1064 258 365

56 346 121 433 μὲν
136 341 176 432 δή
194 344 316 414 τούτου
333 352 394 413 τοῦ
407 346 538 414 Βάττου
554 345 643 413 οὕτω
660 351 800 417 διετέλεε
816 351 931 438 ἐόντα,
956 357 1006 423 έπί
1026 358 1063 424 δέ

55 450 120 512 τοῦ
137 433 261 511 τούτον
282 441 402 522 παιδδς
418 441 612 528 Ἀρκεσίλεω
632 444 738 532 πολλή
759 448 882 538 ταραχή
899 455 975 535 περί
994 462 1063 523 τῶν

36 573 41 601 ι
54 545 182 627 τιμέων
196 543 335 627 ἐγένετο.
377 538 590 625 Ἀρκεσίλεως
603 540 668 627 γάρ
689 540 707 609 δ
722 544 854 614 Βάττου
870 575 906 616 τε
920 558 981 617 τοῦ
997 578 1062 639 χω-

55 645 123 707 λοῦ
134 642 188 707 καὶ
200 646 382 726 Φερετίμης
396 637 459 706 οὐκ
474 645 538 726 ἔφη
549 638 727 720 ἀνέξεσθαι
739 643 821 711 κατά
834 643 853 713 ὁ
865 652 1062 729 Μαντινεὺς

56 743 228 822 Δημῶναξ
244 741 351 824 ἔταξε,
374 735 454 806 ἀλλ’
473 735 608 805 ἀπαίτεε
622 736 661 805 τά
674 746 742 807 τῶν
756 743 937 830 προγόνων
951 748 1058 832 γέρεα.

58 839 222 906 ἐνθεῦτεν
236 837 420 917 στασιάζων
434 836 567 922 ἑσσώθη
585 839 640 904 καὶ
655 844 760 924 ἔφυγε
780 842 813 919 ές
826 841 963 932 Σάμον,
985 842 1006 931 ἡ
1024 843 1060 912 δὲ
1115 847 1121 857 ’

57 936 166 1023 μήτηρ
182 940 217 1004 οί
230 939 263 1015 ές
272 945 449 1022 Σαλαμῖνα
465 942 522 1022 τῆς
533 937 678 1020 Κύπρου
688 942 801 1024 ἔφυγε.
824 947 882 1026 τῆς
899 944 935 1010 δέ
945 951 1060 1010 Σαλα-

57 1048 154 1120 μῖνος
168 1040 290 1101 τοῦτον
304 1030 365 1101 τδν
379 1033 504 1119 χρόνον
519 1033 696 1118 ἐπεκράτεε
712 1032 892 1124 Εὐέλθων,
915 1037 952 1118 δς
966 1037 1004 1107 τὰ
1022 1041 1059 1107 έν

57 1141 223 1218 Δελφοῖσι
243 1134 468 1220 θυμιητήριον
489 1131 547 1200 έδν
562 1126 761 1219 άξιοθήητου
779 1134 942 1224 ἀνέθηκε,
961 1136 998 1206 τὸ
1020 1142 1058 1208 έν

56 1238 104 1322 τῷ
112 1239 307 1316 Κορινθίων
317 1238 481 1322 θησαυρῷ
492 1233 609 1299 κέεται.
633 1229 817 1320 ἀπικομένη
829 1234 866 1303 δὲ
876 1234 965 1323 παρά
976 1243 1057 1304 τοῦ·

57 1357 117 1398 τον
131 1328 152 1418 ή
165 1339 327 1418 Φερετίμη
338 1333 449 1398 ’ἐδέετο
465 1336 634 1417 στρατιῆς,
650 1328 673 1416 ή
689 1332 821 1412 κατάξει
836 1336 940 1419 σφέοις
951 1337 984 1413 ές
994 1331 1057 1420 τήν

56 1430 228 1517 Κυρήνην.
258 1427 276 1498 δ
298 1433 339 1498 δέ
350 1457 389 1516 γε
403 1427 568 1499 Εὐέλθων
582 1436 651 1497 πάν
671 1437 799 1516 μᾶλλον
814 1427 836 1517 ή
853 1435 1011 1518 στρατιήν
1025 1438 1059 1500 οί

56 1532 186 1598 ἐδίδου·
208 1525 229 1615 ἡ
250 1530 287 1597 δὲ
308 1530 528 1614 λαμβάνουσα
547 1524 584 1595 τὸ
603 1528 782 1613 διελόμενον
795 1528 901 1598 καλὸν
916 1530 978 1615 μὲν
992 1536 1055 1616 ἔφη

53 1630 111 1696 καὶ
125 1632 224 1695 τοῦτο
238 1624 335 1709 εἶναι,
354 1625 489 1693 κάλλιον
503 1625 541 1693 δὲ
555 1627 675 1709 έκεῖνο,
688 1623 726 1692 τδ
742 1629 868 1694 δοῦναί
878 1630 913 1693 οί
924 1629 1065 1714 δεομένη

54 1727 226 1814 στρατιήν·
250 1726 423 1794 καὶτοῦτο
440 1723 505 1810 γάρ
524 1726 580 1792 έπδ
597 1725 697 1792 παντὶ
713 1729 760 1814 τῷ
779 1727 943 1818 διδομένην
962 1732 1067 1813 ἔλεγε,

57 1827 250 1896 τελευταῖόν
261 1833 295 1896 of
304 1830 462 1913 ἐξέπεμψε
475 1830 585 1912 δῶρον
596 1822 614 1892 ὁ
626 1822 791 1892 Εὐέλθων
802 1823 967 1910 ἄτρακτον
976 1824 1060 1911 χρά-

57 1943 137 1992 σεον
154 1928 210 1995 καὶ
230 1922 416 2012 ήλακάτην,
443 1929 573 2010 προσῆν
594 1924 630 1988 δὲ
651 1925 705 1989 καί
727 1931 848 2009 είριον·
872 1922 1009 2006 είπάσης
1023 1923 1059 1990 δὲ

57 2017 153 2103 αὖτις
166 2032 225 2110 τῆς
240 2031 421 2112 Φερετίμης
436 2019 543 2090 τάυτδ
555 2017 669 2099 έποςδ
685 2017 849 2089 Εὐέλθων
866 2027 930 2108 έφη
944 2023 1059 2090 τοιού-

57 2144 143 2192 τοισι
157 2138 319 2210 γυναῖκας
334 2126 536 2208 δωρέεσθαι,
559 2117 633 2189 ἀλλ’
652 2118 693 2188 οὐ
707 2128 851 2208 στρατιῇ.
882 2119 918 2187 Ὁ
933 2124 970 2188 δὲ
983 2116 1059 2207 Ἀρ-
1076 2140 1126 2195 163

57 2223 212 2300 κεσίλεως
232 2228 353 2288 τοῦτον
377 2219 438 2289 τὸν
462 2220 586 2306 χρόνον
609 2218 674 2287 έών
698 2221 735 2287 έν
755 2221 860 2310 Σάμῳ
882 2221 1059 2307 συνήγειρε

58 2323 168 2388 πάντα
182 2319 289 2402 ἀνδρα
300 2321 354 2386 ἐπὶ
365 2325 425 2404 γῆς
437 2317 626 2408 ἀναδασμῷ.
652 2319 897 2404 συλλεγομένου
909 2321 944 2385 δὲ
958 2340 1059 2404 στρα-

57 2424 118 2485 τοῦ
136 2422 263 2482 πολλοῦ
277 2417 396 2502 έστάλη
412 2419 445 2495 ἐς
459 2413 617 2502 Λελφούς
627 2413 839 2503 Ἀρκεσίλεως
852 2419 1058 2504 χρησόμενος

57 2525 103 2607 τῷ
123 2523 309 2604 χρηστηρίῳ
329 2518 405 2601 περὶ
427 2515 580 2583 κατόδου.
613 2511 687 2601 ήδὲ
701 2519 817 2600 Πυθίη
834 2519 868 2582 οί
882 2522 944 2605 χρᾷ
961 2515 1056 2582 τάδε·

55 2610 123 2681 Ἐπί
145 2611 208 2698 μέν
232 2614 388 2698 τέσσερας
407 2615 555 2692 Βάττους
578 2615 633 2680 καὶ
655 2609 876 2696 Ἀρκεσίλεως
891 2615 1056 2699 τέσσερας,

58 2707 144 2777 ὀπτά
157 2707 292 2795 ἀνδρῶν
306 2709 440 2796 γενεάς,
457 2714 547 2778 διδολ
555 2707 637 2797 ὑμῖν
648 2715 767 2795 Λοξίης
782 2709 974 2796 βασιλεύειν
985 2717 1054 2777 Κυ-

58 2810 177 2896 ρήνης
201 2813 305 2877 πλέον
320 2811 434 2894 μέντοι
449 2809 573 2876 τούτου
589 2806 668 2876 οὐδὲ
681 2814 863 2892 πειρᾶσθαι
874 2811 1055 2893 παραινέει.

57 2910 100 2978 σύ
119 2914 233 2996 μέντοι
254 2908 376 2996 ἥσυχος
401 2907 484 2977 εἶναι
507 2908 681 2978 κατελθών
701 2913 734 2987 ἐς
751 2907 812 2994 τήν
832 2915 990 2976 σεωυτοῦ.
1015 2903 1058 2996 ήν

56 3012 94 3076 δὲ
111 3004 173 3092 τήν
188 3008 332 3094 κάμινον
354 3006 453 3096 εὕρης
474 3014 579 3094 πλέην
596 3005 792 3093 ἀμφορέων,
815 3005 858 3092 μή
880 3006 1057 3095 ἐξοπτήσῃς

54 3104 135 3184 τούς
150 3104 337 3193 ἀμφορέας,
360 3106 433 3176 ἀλλ’
457 3106 631 3194 ἀπόπεμπε
652 3104 724 3174 κατ’
747 3099 868 3189 οὖρον·
893 3112 922 3175 εἰ
935 3108 971 3174 δέ
985 3105 1083 3188 έξο-’
1125 3097 1131 3105 ’

56 3205 192 3290 πτήσεις
206 3202 267 3291 τήν
288 3206 447 3294 κάμινον,
470 3204 514 3293 μή
536 3209 674 3292 ἐσέλθης
695 3207 727 3284 ές
746 3202 808 3291 τήν
828 3202 1056 3292 ἀμφίρρυτον·

58 3308 88 3370 εί
98 3302 134 3369 δέ
145 3296 206 3387 μή,
220 3300 407 3372 ἀποθανέαι
419 3306 474 3374 καί
485 3303 585 3383 αὐτὸς
596 3306 650 3372 καί
660 3311 782 3390 ταῦρος
792 3300 810 3372 ὁ
822 3311 1057 3375 καλλιστεύων.

60 3407 174 3468 Ταῦτα
190 3397 211 3488 ἡ
228 3409 343 3486 Πυθίη
360 3403 554 3492 Ἀρκεσίλεῳ
575 3411 646 3490 χρᾷ.
675 3400 693 3469 ὁ
711 3403 748 3472 δὲ
762 3402 967 3485 παραλαβών
980 3401 1059 3482 τούς
1078 3419 1125 3473 164
