2354 3840
117 199 180 262 ³⁰0
497 197 746 255 HERODOTI

116 361 228 447 χύρην
256 356 466 442 παραδόντας
491 368 576 422 τοῖσι
600 355 748 438 ἐπιοῦσι,
780 368 865 421 τοῖσι
886 355 923 419 δέ
947 357 1117 469 βασιλεῦσι

116 458 210 537 δόξαι
224 461 260 524 έν
271 484 311 575 τη
296 459 457 523 έωυτιδν
467 455 604 520 κέεσθαι
619 448 857 528 ἀποθανόντας
870 452 953 567 μηδὲ
964 447 1118 534 συμφεύ-

116 581 233 643 γειν
203 580 248 621 τω
234 551 375 642 δήμω,
390 552 647 636 λογισαμένους,
664 546 727 614 ὅσα
743 573 779 615 τε
794 544 908 632 άγαθόι
926 545 1117 613 πεπόνθασι

117 648 204 719 καὶ”
185 670 247 717 οσα
262 649 450 734 φεύγοντας
464 649 500 713 έκ
514 653 572 732 τῆς
585 650 744 731 πατρίδος
764 671 850 710 κακιι
839 642 1002 723 ἐπίδοξα
1017 666 1111 709 κατα-

116 750 309 836 λαμβάνειν.
334 745 378 824 ὡς
396 745 432 814 δὲ
447 745 541 824 δόξαι
556 763 618 830 σφι
628 770 749 828 ταυτα
766 742 965 819 διασταντας
975 742 1032 807 και
1042 736 1116 824 άρι-

118 847 207 934 θμόν
225 857 318 923 ίσους
337 846 540 930 γενομένους
556 842 723 927 μάχεσθαι
744 839 829 926 πρὸς
850 837 1034 924 ἀλλήλους·
1065 837 1115 900 καὶ

116 943 193 1023 τούς
209 944 272 1029 μέν
292 939 528 1017 ἀποθανόντας
548 941 675 1018 πάντας
696 935 755 1005 ὑπ’
773 940 908 1006 ἑωυτῶν
927 936 1040 1017 θάψαι
1059 931 1115 1002 τόν

116 1047 222 1128 δῆμον
236 1048 305 1107 τῶν
315 1046 510 1125 Κιμμερίων
524 1036 614 1122 παρόι
628 1034 780 1124 ποταμόν
795 1037 911 1122 Τύρην
923 1044 994 1121 (καί
1003 1056 1114 1121 σφεων

115 1146 162 1207 ἔτι
178 1139 279 1224 δῆλός
292 1136 390 1205 ἐστι’
375 1165 393 1205 ο
411 1139 548 1223 τάφος),
571 1139 749 1216 θάψαντας
763 1134 864 1204 δὲ”
821 1162 910 1204 ουτω
924 1133 988 1222 τήν
1002 1138 1114 1215 ἔξοδον

114 1241 202 1305 έκ
163 1264 221 1322 της
240 1235 348 1356 χώρης
361 1240 551 1319 ποιέεσθαι,
573 1238 715 1315 Σκύθας
732 1237 769 1304 δὲ
783 1237 989 1315 έπελθόντας
1001 1242 1114 1322 λαβεῖν

70 1347 101 1400 12
116 1333 298 1423 ἐρήμην
262 1362 324 1422 ιην
339 1336 460 1420 χώρην.
506 1287 571 1403 Κάί
591 1344 657 1402 νῦν
678 1341 746 1403 ἔστι
767 1338 867 1421 μέν’
850 1362 888 1402 εν
903 1362 944 1422 τη
928 1338 1113 1420 Σκυθικῇ

114 1438 280 1520 Κιμμέρια
301 1441 423 1518 τείχεα,
446 1436 569 1500 ἔστιδὲ
590 1433 764 1518 πορθμήια
783 1431 968 1518 Κιμμέρια,
990 1428 1114 1500 ἔστιδὲ

114 1535 169 1599 καὶ
187 1531 279 1617 χάρη
303 1532 432 1617 οὕνομα
448 1538 633 1616 Κιμμερίη,
656 1537 725 1599 ἔστι
746 1535 784 1598 δὲ
800 1531 974 1612 Βόσπορος
986 1529 1108 1614 Κιμμέ

113 1656 185 1712 ριος
198 1632 407 1716 καλεόμενος.
438 1638 616 1716 φαίνονται
633 1632 725 1698 δδί
691 1655 709 1696 ο
711 1633 916 1716 [Κιμμέριοι
931 1629 1115 1714 φεύγοντες

112 1731 145 1805 ἐς
159 1725 222 1813 τήν
233 1725 344 1813 Ἀσίην
358 1727 436 1807 τούς
453 1729 596 1808 Σκύθας
611 1733 667 1797 καλ
681 1726 743 1813 τήν
757 1730 965 1814 χερσόνησον
979 1733 1114 1794 κτίσαν-

111 1851 180 1909 τες,
203 1828 241 1892 έν
255 1831 294 1912 τῇ
311 1832 377 1892 νῦν
391 1828 533 1913 Σινώπη
550 1828 648 1905 πόλις
662 1825 779 1905 Ἑλλάς
793 1838 944 1896 οἴκισται.
973 1825 1114 1913 φανεροὶ

112 1925 151 1990 δέ
163 1928 226 1990 εἰσι
243 1925 298 1990 καλ
315 1928 349 2009 οἱ
360 1925 498 1993 Σκύθαι
513 1925 691 2004 διώξαντες
705 1923 830 2004 αύτούς
845 1928 901 1994 καὶ
917 1926 1114 2013 ἐσβαλόντες

111 2024 144 2098 ές
157 2027 222 2106 γῆν
235 2019 298 2107 τήν
311 2021 486 2110 Μηδικήν,
509 2023 714 2109 ἁμαρτόντες
726 2031 785 2108 τῆς
805 2021 898 2090 ὁδοῦ.
922 2028 957 2091 οι*
969 2024 1035 2109 μὲν
1048 2018 1113 2107 γάρ

111 2120 290 2204 Κιμμέριοι
300 2125 364 2188 αίελ
376 2119 438 2205 τήν
451 2121 542 2205 παρὰ
553 2123 731 2191 θάλασσαν
746 2128 909 2207 ἔφευγον,
926 2125 962 2188 οἶ
969 2120 1009 2187 δὲ
1017 2118 1113 2187 Σκύ-

110 2225 172 2280 θαι
187 2215 224 2280 έν
241 2220 332 2303 δεξιῇ
353 2216 415 2284 τόν
428 2219 611 2287 Καύκασον
631 2227 763 2305 ἔχοντες
777 2224 936 2302 ἐδίωκον,
957 2220 992 2296 ές
1005 2213 1026 2283 δ
1040 2217 1112 2282 ε’σέ-

109 2323 217 2398 βαλον
241 2318 274 2393 ές
297 2316 361 2402 τήν
384 2317 545 2404 Μηδικήν
568 2327 651 2406 γῆν,
682 2324 716 2398 ές
736 2321 921 2405 μεσόγαιαν
948 2323 1007 2403 τῆς
1029 2313 1112 2383 ὁδοῦ

110 2418 326 2497 τραφθέντες.
350 2409 448 2495 οὗτος
462 2417 499 2485 δὲ
512 2417 612 2496 ἄλλος
627 2417 727 2497 ξυνὸς
734 2418 905 2505 Ἑλλήνων
915 2443 951 2483 τε
962 2419 1019 2482 καὶ
1027 2422 1112 2501 βαρ-

66 2527 97 2580 us
110 2510 227 2594 βάρων
247 2510 426 2597 λεγόμενος
446 2514 546 2598 λόγος
567 2524 704 2600 είρηται.
744 2514 833 2599 Ἔφη
856 2516 893 2580 δέ
909 2506 1110 2635 Ἀριστέηςὸ

111 2609 386 2694 Καϋστροβίου’
366 2610 452 2697 ανὴρ
473 2614 742 2701 Προκοννήσιος,
763 2618 888 2682 ποιέων
907 2611 1093 2699 Euadne

110 2706 229 2772 κέσθαι
243 2706 945 2798 έςἸσσηδόναςφοιβόλαμπτοςγενόμενος,
962 2708 1110 2797 Ἰσσηδό-

110 2833 180 2872 των
199 2806 278 2873 δέ’
260 2814 471 2892 υκεροικέειν
490 2811 714 2898 Ἀριμασπούς
738 2811 863 2895 ἄνδρας
884 2810 1110 2897 μουνοφθάλ-

108 2928 208 2988 μους,
241 2903 325 2988 ὑπὲρ
356 2909 393 2972 δέ
419 2908 547 2974 τούτων
577 2909 657 2988 τούς
680 2912 941 2996 χρυσοφύλακας
965 2915 1107 2994 γρῦπας,

107 3001 237 3068 τούτων
251 3002 288 3068 δὲ
297 2999 376 3080 τούς
383 3000 623 3091 Ὑπερβορέους
636 3009 841 3095 κατήκοντας
853 3011 907 3075 ε’κι
895 3007 1106 3074 θάλασσαν.

107 3098 248 3175 τούτους
263 3126 313 3165 ων
332 3100 459 3180 πάντας
472 3103 561 3189 πλὴν
575 3103 807 3191 Ὑπερβορέων
829 3101 1005 3189 ἀρξάντων
1019 3101 1108 3189 Ἀρι-

106 3201 248 3277 μαστῶν
263 3198 327 3262 atei
340 3212 424 3264 τοισι
445 3202 704 3287 πλησιοχώροισι
719 3206 947 3288 ἐπιτίθεσθαι,
968 3200 1059 3270 ταδ’
1040 3198 1106 3271 vx&

104 3295 169 3377 μὲν
184 3288 397 3377 Ἀριμασπωυ
417 3300 622 3377 ἐξωθέεσθαι
644 3302 681 3366 ἐκ
702 3307 761 3386 τῆς
779 3300 888 3386 χώρης
906 3299 1107 3386 Ἰσσηδόνας,

105 3385 172 3455 διο
160 3385 222 3457 δὲ
232 3387 432 3476 Ἰσσηδόνων
442 3399 594 3484 Σκύθας,
610 3405 817 3485 Κιμμερίους
827 3402 864 3467 δὲ
873 3402 1046 3479 οἰκέοντας
1054 3402 1108 3467 ἐπὶ
