2354 3840
318 192 793 253 L113.111.0A1>.37-4o.
1001 186 1064 252 2⁸8

54 359 165 422 Ιταῦτα
178 350 389 438 νενόμισται,
407 350 463 419 καί
477 347 590 438 ὀρθῶς
603 375 660 436 μοι
675 352 783 418 δοκέει
797 354 968 436 Πίνδαρος
988 376 1066 421 ποι-

58 456 137 537 ήσαι
154 448 262 536 νόμον
278 447 415 517 πάντων
429 451 568 537 βασιλέα
583 447 693 535 φήσας
710 446 805 517 εἶναι.
918 520 924 529 ,

140 553 402 617 mmm
440 546 476 615 δέ
507 543 559 614 ἐπ’
591 555 767 632 Αίγνπτου
798 550 1065 635 στρατευομένου
1077 560 1113 619 39
1169 556 1173 561 ’

57 643 258 731 ἐποιήσαντο
275 646 332 713 καὶ
345 641 607 731 Λακεδαιμόνιοι
627 652 807 732 στρατηίην
824 647 877 715 έπί
893 646 1013 732 Σάμον
1029 672 1065 714 τε

56 744 114 811 καί
133 741 355 830 Πολυκράτεα
376 738 438 810 τδν
457 741 617 829 Αίάκεος,
645 739 682 822 δς
702 749 776 830 έσχε
795 744 916 832 Σάμον
939 749 1065 814 έπανα-

55 842 155 926 στάς,
184 842 240 909 καὶ
262 837 302 907 τά
323 844 386 928 μὲν
406 849 523 931 πρῶτα
546 848 641 932 τριχῇ
666 841 853 930 δασάμενος
877 843 939 932 τήν
964 845 1064 914 πόλιν

54 950 143 1005 τοῖσι
168 933 359 1023 ἀδελφεοῖσι
378 940 614 1031 Πανταγνώτῳ
638 942 694 1009 καί
717 949 917 1011 Συλοσῶντι
942 948 1063 1031 ἔνειμε,

55 1031 140 1122 μετὰ
162 1038 197 1103 δὲ
220 1033 281 1105 τὸν
305 1036 367 1124 μίν
387 1035 501 1106 αὐτῶν
521 1035 737 1125 άποκτείνας,
758 1036 820 1107 τὸν
839 1038 876 1108 δέ
896 1040 1065 1126 νεάτερον

55 1139 265 1201 Συλοσῶντα
280 1134 435 1214 ἐξελάσας
449 1141 524 1221 έσχε
542 1141 655 1204 πάσαν
669 1134 807 1223 Σάμον,
829 1131 931 1224 ίσχων
945 1139 983 1206 δέ
998 1143 1064 1218 ξει-

54 1234 136 1314 νίην
149 1226 265 1315 Ἀμάσι
282 1238 328 1321 τῷ
342 1231 518 1319 Αίγύπτου
533 1235 664 1321 βασιλέι
678 1234 908 1323 συνεθήκατο,
924 1240 1064 1323 πέμπων

54 1355 92 1397 τε
109 1334 201 1415 δῶρα
216 1331 272 1399 καί
287 1331 467 1419 δεκόμενος
481 1328 565 1401 άλλα
580 1329 661 1415 παρ’
679 1335 822 1404 ἐκείνου.
851 1337 888 1403 έν
901 1334 1012 1425 χρόνῳ
1027 1333 1063 1401 δὲ

55 1423 158 1519 ὀλίγῳ
172 1425 291 1497 αὐτίκα
305 1436 366 1497 τοῦ
375 1427 612 1514 Πολυκράτεος
627 1427 668 1497 τά
683 1429 860 1518 πρήγματα
873 1429 992 1512 αὐξετο
1008 1433 1064 1498 καί

56 1517 100 1612 ἦν
114 1529 288 1613 βεβωμένα
302 1523 369 1595 άνά
384 1551 420 1594 τε
433 1524 496 1613 τήν
506 1524 636 1613 Ἰωνίην
647 1531 702 1596 καί
716 1526 778 1614 τήν
789 1522 1061 1616 άλληνἙλλάδα

56 1621 141 1691 ὅκου
155 1619 221 1711 γάρ
236 1624 368 1694 ἰθύσειε
383 1623 643 1712 στρατεύεσθαι,
657 1625 768 1694 πάντα
783 1632 816 1696 οί
829 1628 948 1715 έχάρεε
963 1626 1063 1696 εὐτυ-

55 1723 308 1808 χέως·κέκτητο
319 1725 357 1792 δὲ
368 1730 653 1814 πεντηκοντέρους
673 1754 709 1795 τε
728 1727 847 1797 ἑκατὸν
860 1732 917 1797 καί
935 1736 1063 1816 χιλίους

55 1817 207 1900 τοξότας·
230 1825 330 1906 έφερε
351 1822 387 1889 δὲ
408 1825 463 1891 καί
482 1815 545 1909 ήγε
561 1823 706 1910 πάντας,
728 1828 912 1912 διακρίνων
927 1823 1059 1893 οὐδένα.

52 1926 100 2013 τῷ
114 1920 178 2009 γάρ
192 1927 281 2014 φίλῳ
296 1927 360 2009 έφη
377 1923 566 2011 χαριέεσδαι
580 1928 709 2010 μᾶλλον
718 1919 902 2002 άποδιδούς
914 1920 955 1990 τά
966 1928 1064 2009 ἔλαβε

53 2018 192 2109 ήάρχήν
205 2022 289 2108 μηδὲ
303 2022 426 2109 λαβών.
446 2020 573 2109 συχνάς
586 2022 649 2110 μὲν
659 2021 700 2109 δή
715 2027 783 2091 τῶν
795 2021 909 2109 νήσων
922 2019 1064 2111 άραιρή-

56 2147 130 2207 κεε,
151 2117 258 2189 πολλά
275 2122 380 2190 δὲκαὶ
396 2128 454 2207 τής
468 2117 610 2208 ήπείρου
626 2117 735 2189 άστεα.
768 2122 806 2188 έν
821 2120 857 2188 δὲ
872 2115 913 2206 δή
928 2121 984 2188 καὶ
999 2126 1065 2188 Λε-

56 2225 174 2307 σβίους
206 2226 411 2308 πανστρατιῇ
438 2219 631 2307 βωθέοντας
670 2225 867 2306 Μιλησίοισι
899 2223 1065 2305 ναυμαχίη

56 2314 225 2404 κρατήσας
240 2312 323 2401 εἷλε,
345 2323 380 2383 οἳ
392 2314 454 2403 τήν
467 2316 600 2403 τάφρον
619 2314 747 2399 περὶτὰ
763 2331 869 2403 τεῖχος
882 2315 919 2385 τό
938 2321 975 2385 έν
992 2317 1066 2386 Σά-

56 2441 108 2506 μῳ
132 2421 244 2481 πᾶσαν
271 2415 441 2500 δεδεμένοι
467 2413 609 2502 ὤρυξαν.
660 2421 731 2482 Καί
751 2440 817 2492 κως
844 2413 904 2482 τὸν
918 2415 1061 2502 ’Ἀμασιν
1075 2431 1110 2485 40

57 2509 225 2599 εὐτυχέων
239 2512 392 2598 μεγάλως
412 2509 430 2580 ὁ
448 2512 669 2598 Πολυκράτης
688 2507 752 2578 οὐκ
772 2511 958 2597 ἐλάνθανε,
980 2511 1066 2581 άλλά

57 2615 92 2680 οί
103 2607 196 2679 τοῦτ’
212 2602 257 2696 ήν
271 2611 430 2696 ἐπιμελές.
463 2616 575 2700 πολλῷ
590 2608 626 2676 δὲ
646 2613 694 2675 ἔτι
708 2606 853 2686 πλεῦνός
867 2611 902 2676 οί
914 2605 1066 2695 εὐτυχίης

56 2707 237 2794 γινομένης
254 2706 387 2794 γράψας
402 2710 435 2785 ές
451 2714 584 2795 βιβλίον
599 2705 679 2774 τάδε
694 2707 859 2775 ἐπέστειλε
880 2709 914 2786 ές
926 2707 1064 2795 Σάμον·

50 2804 188 2892 ’Ἁμασις
201 2803 416 2887 Πολυκράτει·
438 2796 504 2872 οὐδε
525 2808 622 2891 λέγει.
654 2801 720 2891 ήδύ
740 2804 803 2890 μὲν
824 2807 1066 2874 πυνθάνεσθαι

57 2901 167 2990 άνδρα
184 2907 287 2988 φίλον
306 2903 362 2969 καί
379 2905 489 2981 ξείνου
511 2895 551 2970 εὐ
570 2902 781 2989 πρήσσοντα,
805 2903 876 2986 έμοί
900 2903 936 2969 δέ
957 2907 994 2968 αί
1011 2903 1067 2968 σαί

26 3058 34 3077 ,
56 2998 198 3087 μεγάλαι
218 2995 366 3086 εὐτυχίαι
386 2996 450 3068 οὐκ
463 2997 660 3088 άρέσκονσι,
689 3002 895 3090 ἐπισταμένῳ
910 2998 947 3067 τὸ
967 3010 1067 3068 θείου

58 3095 103 3177 ὡς
117 3102 186 3166 έστι
202 3095 387 3184 φθονεράν.
409 3103 470 3166 καί
482 3123 549 3176 κως
562 3097 727 3185 βούλομαι
742 3097 797 3163 καί
813 3092 915 3174 αὐτὸς
929 3096 983 3164 καὶ
997 3100 1066 3162 τῶν

57 3189 102 3263 άν
115 3193 267 3282 κήδωμαι
282 3192 320 3263 τὰ
336 3197 397 3282 μέν
410 3221 442 3263 τι
460 3192 629 3281 εὐτυχέειν
643 3200 711 3261 τῶν
724 3192 947 3280 πρηγμάτων,
974 3189 1011 3259 τό
1028 3191 1065 3258 δὲ

57 3300 293 3381 προσπταίειν,
323 3294 379 3362 καί
400 3289 488 3360 οὕτω
513 3295 687 3378 διαφέρειν
710 3286 771 3358 τὸν
795 3295 902 3357 αίωνα
926 3283 1066 3366 ἐναλλάξ

40 3386 235 3479 πρήσσων,
257 3384 279 3475 ή
295 3388 465 3474 εὐτυχέειν
478 3386 518 3456 τά
536 3390 655 3456 πάντα.
685 3384 809 3454 οὐδένα
824 3384 890 3471 γάρ
911 3409 961 3453 κω
975 3383 1065 3472 λόγῳ
1148 3477 1151 3483 Ι
