2340 3832
138 183 198 244 194
524 189 775 246 HERODOTI

136 340 258 411 αὐτόθι
275 342 359 411 εἶναι
376 351 443 410 τῶν
460 370 495 410 τε
509 343 615 429 άρχήν
631 341 692 411 τόν
712 343 924 430 λαβύρινθον
946 350 1067 410 τοῦτον
1087 345 1132 410 οἰ-

136 445 419 527 κοδομησαμένων
439 445 603 528 βασιλέων
626 443 682 509 καί
700 449 772 508 πων
794 446 880 524 ’ίρῦν
892 445 1133 527 κροκοδείλων.

137 537 225 604 οὕτω
236 546 305 605 τῶν
318 539 380 624 μέν
394 538 484 605 κάτω
495 538 775 628 πέριοίκημάτων
790 535 873 626 άκοῇ
887 537 1135 624 παραλαβόντες

40 638 42 642 ’
136 637 293 719 λέγομεν,
312 632 355 700 τά
374 634 410 701 δέ
430 633 500 701 άνω
517 637 641 719 ,μέζονα
661 633 1020 722 άνθρωπηίωνέργων
1044 632 1136 701 αὐτοὶ

137 728 292 815 ύρέομεν.
317 733 354 796 αἵ
368 757 403 797 τε
414 729 482 816 γάρ
498 735 605 810 ἔξοδοι
622 729 677 798 διά
692 739 760 799 τῶν
774 735 988 817 στεγέων.καί
1003 735 1037 799 οἰ
1056 734 1136 798 εἰλι-

135 831 212 912 γμοί
224 826 279 894 διὰ
291 834 358 894 τῦυ
370 826 500 915 αὐλέων
514 828 626 907 ἐόντες
635 830 869 897 ποικιλώτατοι
886 831 988 914 θῦμα
1014 833 1136 913 μυρίον

135 931 331 1011 παρείχοντο
349 929 381 1006 ἐξ
397 925 500 1013 αῦλῆς
510 953 551 994 τε
571 929 604 1005 ἐς
613 925 838 1014 τοὶοίκήματα
851 931 1016 1007 διεξιοῦσι
1023 927 1136 993 1καὶέκ

135 1029 202 1088 τῶν
218 1023 408 1107 οἰκημάτων
424 1025 457 1101 ές
471 1024 657 1110 παστάδας,
679 1021 1006 1110 έςστέγαςτεάλλας
1021 1025 1135 1089 ἐκτῶν

134 1121 314 1187 παστάδων
329 1124 383 1188 καί
394 1124 430 1200 ές
442 1119 708 1200 αύλάςάλλαςέκ
721 1129 790 1190 τῶν
802 1121 1001 1207 οἰκημάτων.
1026 1117 1134 1206 ὀροφή

135 1213 171 1284 δὲ
189 1216 328 1284 πάντων
347 1218 477 1285 τούτων
500 1225 632 1304 λιθίνη,
661 1217 813 1304 1κατάπερ
850 1221 884 1284 οἰ
901 1231 1021 1301 τοῖχοι,
1039 1219 1080 1282 ,οἰ
1093 1214 1136 1281 δὲ

135 1331 237 1400 τοῖχοι
261 1316 381 1382 τύπων
406 1317 682 1403 ἐγγεγλυμμένων
698 1317 815 1399 πλέοι,
844 1309 929 1398 αύλή
942 1311 990 1378 δέ
1016 1312 1133 1396 ἑκάστη

135 1417 331 1497 περίστυλος
347 1418 449 1479 λίθου
466 1420 589 1480 λευκοῦ
607 1411 819 1497 ἁρμοσμένου
839 1407 879 1476 τά
890 1409 1047 1494 μάλιστα.
1079 1415 1136 1494 τής

136 1509 171 1574 δὲ
186 1513 309 1591 γωνίης
319 1506 623 1585 τελευτέοντος-τοῦ
637 1512 849 1593 λαβυρίνθου
868 1511 974 1592 έχεται
985 1508 1135 1593 πυραμὶς

134 1602 507 1689 τεσσερακοντόργυιος,
534 1606 574 1670 ἰν
595 1611 633 1690 τῇ
659 1609 723 1693 ζῷα
739 1603 875 1688 ,μεγάλα
900 1603 1135 1688 ἐγγέγλυπται·

66 1727 116 1781 149
135 1697 214 1776 ὁδός
231 1696 262 1765 δ’
283 1702 315 1777 ές
330 1696 436 1786 αύτήν
450 1697 516 1766 ὑπὸ
531 1706 597 1785 γῆν
612 1705 794 1784 πεποίηται.
840 1706 908 1766 Τοῦ
922 1698 959 1765 δὲ
972 1703 1136 1786 λαβυρίν-

128 1809 204 1866 θου
216 1798 343 1866 ’.τούτου
355 1799 471 1874 ἰόντος
482 1796 638 1864 τοιούτου
661 1802 763 1884 θῦμα
791 1801 837 1862 ἔτι
847 1799 1136 1884 μέζονπαρέχεται

75 1902 84 1914 ’
134 1893 154 1981 ἡ
167 1901 312 1981 Μοίριος
325 1896 512 1981 καλεομένη
529 1901 645 1981 λίμνη,
662 1890 747 1980 παρ’
761 1892 804 1980 ήν
816 1891 834 1961 ὁ
847 1893 1058 1980 λαβύρινθος
1075 1887 1136 1961 ού-

135 2017 191 2070 τος
212 1993 444 2078 οἰκοδόμηται,
467 1999 524 2076 τῆς
541 1987 577 2057 ιδ
600 1998 798 2077 περίμετρον
820 1998 877 2077 τής
893 1991 1055 2078 περιόδου
1074 1993 1136 2058 εἰσὶ

134 2088 263 2155 στάδιοι
280 2087 444 2167 ἑξακόσιοι
461 2091 515 2154 καί
529 2095 718 2174 τρισχίλιοι,
735 2094 877 2172 σχοίνων
889 2087 1046 2174 ἑξήκοντα
1058 2086 1136 2155 ἐόν-

133 2211 218 2269 των,
242 2194 308 2252 ίσοι
319 2188 376 2252 ,καί
391 2183 492 2271 αύτής
502 2188 678 2271 Αἰγύπτου
691 2184 728 2253 τὸ
740 2184 830 2270 παρά
844 2187 1038 2254 θάλασσαν·
1061 2189 1135 2255 κέε-

49 2299 53 2305 ’
133 2312 185 2353 ται
203 2287 239 2352 δὲ
256 2282 364 2370 μακρή
386 2282 407 2370 ἡ
426 2292 524 2372 λίμνη
540 2284 624 2372 πρὸς
636 2289 761 2373 βορέην
774 2312 810 2355 τε
818 2289 879 2354 -καί
891 2287 1008 2370 νότον,
1032 2289 1134 2352 ἐοῦσα

36 2380 38 2384 ’
131 2383 256 2469 βάθος,
273 2388 317 2470 ,τῇ
337 2383 511 2468 βαθυτάτη
533 2379 616 2469 αὐτή
639 2386 778 2467 έωυτής,
800 2381 1131 2470 πεντηκοντόργυιος.

131 2480 182 2550 ὅτι
197 2481 234 2549 δέ
247 2479 473 2567 χειροποίητός
482 2483 557 2548 ε’στι
564 2482 627 2548 .καί
637 2477 766 2566 ὀρυκτή
771 2531 780 2566 ,
796 2474 879 2568 αύτή
892 2486 994 2567 δηλοῖ.
1019 2483 1056 2549 ἐν
1067 2479 1133 2567 γάρ

131 2585 213 2668 μέση
233 2587 272 2666 τῇ
292 2585 392 2667 λίμνη
410 2578 555 2664 μάλιστά
576 2605 618 2666 κη
637 2580 747 2645 ἑστᾶσι
763 2579 826 2645 δύο
844 2581 1048 2664 πυραμίδες,
1071 2586 1132 2646 τοῦ

134 2673 252 2752 ὕδατος
273 2671 493 2761 ὑπερέχουσαι
514 2675 720 2761 πεντήκοντα
737 2670 876 2761 ὀργυιάς
901 2677 1054 2762 ἑκατέρη,
1078 2679 1132 2742 καὶ

129 2770 166 2840 τό
189 2769 263 2839 κατ’
286 2770 407 2850 ὕδατος
432 2774 646 2860 οἰκοδόμηται
667 2776 782 2859 ἕτερον
804 2781 963 2860 Ιτοσοῦτο,
996 2778 1053 2842 καί
1076 2771 1129 2844 ἐπ’

129 2870 335 2958 άμφοτέρησι
350 2876 459 2938 ἔπεστι
477 2869 637 2949 κολοσσὸς
646 2878 779 2950 λάθινος
793 2871 977 2959 κατήμενος
990 2874 1027 2940 έν
1042 2872 1131 2959 θρό-

129 2996 186 3060 νῳ.
214 2966 302 3035 οὕτω
317 2973 354 3036 αἰ
365 2970 427 3055 μὲν
443 2975 627 3056 πυραμίδες
642 2972 704 3037 εἰσί
719 2969 837 3038 ἑκατόν
854 2965 1037 3058 ὀργυιέων,
1045 2975 1083 3038 αἰ
1097 2968 1128 3038 δ’

128 3066 247 3133 έκατδν
262 3063 394 3152 ὀργυιαὶ
408 3071 535 3136 δίκαιαί
547 3074 610 3135 εἰσι
618 3068 762 3135 ,στάδιον
779 3067 997 3155 ἑξάπλεθρον,
1015 3071 1132 3149 ἑξαπέ-

129 3165 192 3227 δου
206 3165 267 3246 μὲν
281 3171 338 3250 τής
354 3162 492 3251 ὀργυιῆς
508 3167 727 3252 μετρεομένης
744 3167 799 3233 καί
812 3165 1046 3252 τετραπήχεος,
1062 3172 1129 3234 τῶν

127 3263 242 3325 ποδῶν
258 3260 320 3345 μέν
335 3270 623 3348 τετραπαλαίστων
639 3264 781 3350 ἐόντων,
796 3271 858 3332 τοῦ
873 3262 908 3330 δέ
920 3263 1040 3349 πήχεος
1055 3264 1129 3342 έξα-

128 3363 319 3424 παλαίστου.
342 3356 379 3427 τό
392 3355 427 3426 δέ
440 3360 531 3449 ὕδωρ
546 3356 582 3427 τὸ
596 3362 633 3426 έν
647 3369 687 3448 τή
699 3369 798 3450 λίμνη
810 3359 980 3445 αῦτιγενὲς
989 3359 1053 3444 μὲν
1067 3356 1128 3426 οὐκ
