2354 3840
319 181 403 237 ιιΒ.
436 183 469 238 11.
504 180 605 240 σοι).
640 188 813 242 ιω-ιιι,
1008 175 1069 242 197

53 346 258 436 ἀπικόμενος
287 356 333 440 τῷ
367 356 592 442 Ψαμμητίχῳ,
626 347 670 430 ὥς
700 349 762 419 ούκ
791 350 876 419 ἰσων
907 349 1072 438 πρότερον

53 455 169 539 χαλκῷ
188 448 315 537 ἄνδρας
329 448 564 536 ὁπλισθέντας,
584 445 631 530 οἷς
648 451 781 538 χάλκεοι
795 450 917 541 ἄνδρες
931 449 1074 537 άπιγμέ-

55 577 110 619 νοι
128 546 195 618 άπὸ
213 550 388 640 θαλάσσης
406 553 623 639 λεηλατέονσι
642 551 679 619 τό
699 558 827 621 πεδίον.
856 550 873 620 ὁ
893 553 931 620 δέ
949 550 1072 637 μαθων

53 650 94 719 τὸ
119 651 323 741 χρηστήριον
350 653 598 741 ἐπιτελεύμενον
625 659 710 740 φίλα
734 679 770 722 τε
797 668 883 722 τοῖσι
899 651 994 722 Ἴωσι
1020 651 1077 719 καί

56 753 169 841 Καρσὶ
184 753 342 839 ποιέεται,
361 760 421 822 καί
432 776 536 839 σφεας
549 753 677 842 μεγάλα
686 750 953 842 ὑπισχνεύμενος
967 758 1079 821 πείθει

55 851 129 939 μετ’
151 855 281 922 ἑωυτοῦ
298 856 473 939 γενέσθαι·
500 852 544 934 ὥς
569 854 607 922 δέ
631 861 757 938 ἔπεισε,
784 852 873 922 οὕτω
900 853 968 940 ἅμα
993 867 1079 920 τοῖσι

63 959 298 1042 βουλομένοισι
313 960 527 1041 Αἰγυπτίοισι
548 958 603 1023 καλ
624 969 709 1022 τοῖσι
732 954 940 1040 ἐπικούροισι
957 981 1072 1021 καται·

63 1057 131 1137 ρέει
152 1051 232 1132 τούς
254 1056 419 1141 βασιλέας.
463 1054 642 1139 Κρατήσας
665 1055 701 1121 δὲ
718 1052 894 1138 Αἰγύπτου
920 1055 1028 1139 πάσης
1052 1051 1069 1119 ὁ
1092 1063 1140 1117 153

65 1148 280 1238 Ψαμμήτιχος
293 1153 426 1236 ἐποίησε
446 1156 492 1240 τῷ
502 1147 671 1239 Ἡφαίστῳ
689 1149 882 1231 προπύλαια
897 1152 934 1216 έν
949 1153 1070 1235 Μέμφι

60 1245 103 1315 τά
119 1246 204 1334 πρὸς
218 1246 321 1317 νότον
342 1245 469 1332 άνεμον
489 1253 712 1333 τετραμμένα,
735 1244 843 1333 αύλήν
864 1273 899 1313 τε
918 1253 964 1335 τῷ
979 1244 1069 1330 Ἄπι,

61 1350 99 1416 ἐν
120 1354 160 1436 τῇ
179 1351 335 1432 τρέφεται
353 1343 455 1414 έπεάν
470 1352 562 1433 φανή
582 1343 600 1411 ὁ
618 1338 728 1429 Ἆπις,
752 1345 951 1431 οἰκοδόμησε
969 1347 1070 1410 ἐναν-

60 1453 133 1515 τίον
149 1453 218 1513 τῶν
232 1450 469 1528 προπυλαίων,
484 1444 597 1510 πᾶσάν
612 1469 648 1510 τε
662 1448 864 1530 περίστυλον
879 1447 1002 1511 έοῦσαν
1014 1447 1069 1512 καί

58 1543 178 1610 τύπων
198 1544 319 1629 πλέην·
342 1539 415 1608 άντί
437 1540 474 1607 δέ
488 1540 615 1608 κιόνων
632 1537 793 1608 ὑπεστᾶσι
805 1545 961 1610 κολοσσοὶ
978 1546 1069 1609 θυω·

59 1640 259 1728 δεκαπήχεις
284 1647 325 1728 τή
351 1636 446 1727 αὐλῇ.
484 1636 503 1706 ὁ
529 1640 565 1706 δέ
588 1633 683 1717 Ἀπις
708 1639 791 1707 κατὰ
818 1639 880 1727 τήν
898 1641 1068 1729 Ἑλλήνων

57 1740 216 1828 γλῶσσάν
234 1743 302 1807 έστι
313 1738 473 1824 Ἔπαφος.
521 1746 615 1807 Τοῖσι
632 1742 668 1807 δέ
679 1737 770 1807 Ἴωσι
788 1745 842 1807 καί
857 1757 942 1810 τοῖσι
960 1745 1068 1828 Καρσί
1087 1762 1136 1816 154

57 1853 146 1908 τοῖσι
169 1840 554 1925 συγκατεργασαμένοισι
570 1837 661 1929 αύτῷ
683 1835 700 1906 ὁ
718 1839 931 1925 Ψαμμήτιχος
952 1847 1067 1910 θίθωσι

56 1938 189 2026 χύρους
203 1939 374 2023 ένοικήσαι
388 1934 524 2014 άντίους
537 1933 709 2023 ἀλλήλων,
731 1943 793 2003 τού
807 1945 934 2006 Νείλου
949 1939 986 2006 τὸ
1009 1942 1068 2025 με’-

58 2059 123 2106 σον
145 2041 296 2121 ἔχοντος,
318 2049 404 2104 τοῖσι
420 2032 591 2122 ούνόματα
613 2038 711 2121 ἐτέθη
725 2035 951 2121 Στρατόπεδα.
986 2038 1059 2105 τού-

56 2160 137 2212 τους
150 2159 187 2201 τε
202 2133 245 2220 δή
260 2151 321 2217 σφι
337 2130 417 2211 τούς
437 2134 567 2219 χύρους
582 2137 714 2218 θίιλωσι,
738 2137 793 2201 καί
806 2127 910 2202 τᾶλλα
928 2132 967 2202 τά
983 2133 1067 2203 ὑπέ-

58 2251 153 2318 σχετο
181 2230 292 2298 πάντα
322 2227 482 2300 ἀπέδωκε.
527 2235 582 2298 καλ
608 2229 648 2318 δή
677 2235 732 2300 καλ
755 2236 875 2310 παῖδας
900 2235 1067 2320 παρέβαλε

56 2325 187 2396 αύτοῑσι
209 2333 415 2413 Αἰγυπτίους
439 2325 501 2415 τήν
523 2327 664 2396 Ἑλλάδα
689 2337 845 2415 γλῶσσαν
873 2332 1067 2398 ἐκδιδάσκε-

57 2436 158 2511 σθαι,
181 2422 247 2492 άπό
263 2427 301 2493 δέ
322 2426 689 2512 τούτωνέκμαθόντων
704 2426 766 2513 τήν
780 2433 936 2512 γλῶσσαν
951 2433 985 2495 οί
1000 2435 1065 2493 νῦν

56 2522 214 2610 ἑρμηνέες
230 2524 268 2590 έν
282 2524 442 2616 Αἰγύπτῳ
463 2524 631 2610 γεγόνασι.
666 2528 700 2592 οί
715 2527 751 2592 δὲ
766 2522 879 2604 Ἴωνές
900 2552 936 2593 τε
957 2529 1013 2593 καί
1034 2530 1067 2593 οί

59 2629 166 2704 Κᾶρες
180 2621 323 2700 τούτους
333 2621 413 2702 τούς
424 2623 555 2710 χείρους
568 2633 708 2708 οἴκησαν
717 2623 843 2711 χρόνον
857 2627 909 2692 έπί
920 2624 1063 2693 πολλόν·

56 2722 118 2787 εἰσί
135 2720 172 2786 δὲ
195 2710 290 2788 οὗτοι
319 2723 353 2787 οί
376 2727 479 2808 χῶροι
505 2717 589 2806 πρὸς
612 2721 786 2808 θαλάσσης
806 2719 921 2809 ὀλίγον
944 2729 1065 2811 ἔνερθε

58 2816 263 2904 Βουβάστιος
276 2815 392 2895 πόλιος
408 2821 460 2886 ἐπὶ.
473 2825 519 2909 τῷ
529 2825 709 2910 Πηλουσίῳ
721 2811 914 2914 καλεομένῳ
926 2822 1064 2908 στόματι

53 2919 116 2982 τοῦ
129 2919 267 2983 Νείλου.
301 2915 442 2993 τούτους
459 2921 522 3001 μὲν
542 2915 583 3003 δή
607 2918 718 3008 χρόνῳ
742 2917 886 3003 ὕστερον
906 2916 1063 3003 βασιλεύς

46 3010 185 3098 Ἀμασις
196 3013 418 3099 ἐξαναστήσας
429 3016 590 3082 ἐνθεῦτεν
601 3022 767 3083 κατοίκισε
783 3017 815 3093 ές
827 3018 980 3100 Μέμφιν,
992 3041 1062 3100 φυ-

53 3107 161 3198 λακήν
179 3115 307 3178 ἑωυτοῦ
327 3113 528 3198 ποιεύμενος
547 3112 632 3199 πρός
647 3111 850 3201 Αἰγυπτίων.
879 3114 1009 3182 τούτων
1024 3115 1061 3182 δὲ

53 3214 274 3279 οἰκισθέντων
292 3217 330 3279 έν
344 3213 504 3303 Αἰγύπτῳ
519 3219 554 3282 οἰ
564 3212 721 3299 Ἕλληνες
738 3209 827 3280 οὕτω
845 3214 1062 3300 ἐπιμισγόμε-

52 3332 107 3374 νοι
123 3307 273 3374 τούτοισι
297 3304 338 3375 τὰ
362 3311 437 3396 περὶ
451 3319 627 3396 Αἰγυπτον
648 3310 810 3396 γινόμενα
835 3305 900 3376 άπὸ
918 3320 1062 3397 Ψαμμη-

54 3408 147 3490 τίχου
159 3407 314 3493 βασιλέος
328 3402 510 3491 ἀρξάμενοι
524 3408 634 3476 πάντα
645 3411 700 3476 καλ
710 3406 751 3476 τά
765 3405 910 3494 ὕστερον
926 3405 1061 3476 έπιστά·
1093 3478 1098 3485 ,

1047 3498 1128 3620 1¹
