2354 3840
338 206 422 262 ΗΒ.
455 207 488 263 11.
522 204 620 264 cn.
651 210 791 267 45—49.
996 200 1057 269 141

57 373 146 432 τοῖσι
161 363 226 446 μέν
238 386 305 431 νυν
319 358 449 429 ἄλλοισι
462 369 574 431 θεοῖσι
587 361 689 433 δύειν
705 353 747 440 ύς
762 385 805 430 ου
793 358 981 434 ’δικαιεῦσι
994 369 1059 433 Αί-

59 457 214 546 rimu,
226 457 368 578 Σελήνῃ
390 458 426 526 δέ
441 457 497 527 καί
511 459 670 549 Διονύσῳ
689 457 846 545 μούνοισι
873 464 934 526 τοῦ
953 455 1059 527 αύτού

59 555 203 644 χρόνον,
220 561 261 644 τή
275 552 360 643 αύτῃ
344 555 587 673 πανσελήνῳ,
600 553 679 635 τούς
692 547 732 634 ύς
742 554 908 635 θύσαντες
917 556 1058 623 πατέον-

45 679 115 723 -ται
130 658 199 721 τῶν
212 675 330 769 τρευν.
352 648 438 721 διότι
452 648 489 719 δὲ
503 646 583 730 τούς
598 643 639 730 ὗς
653 653 690 720 έν
703 650 766 737 μὲν
779 657 853 740 τῇσι
868 648 1012 738 άλλῃσι
998 676 1058 740 ορ-

60 755 135 838 τήσι
148 745 412 870 ἀπεστυγήκασι,
432 749 469 817 έν
482 747 519 815 δὲ
533 748 637 836 ταύτῃ
652 747 789 834 θύουσι,
803 754 871 819 ἔστι
884 751 946 836 μὲν
960 746 1059 835 λόγος

60 849 137 930 περί
149 843 256 915 αὐτοῦ
270 843 319 914 ύπ
320 842 539 932 'Almam
555 846 749 932 λεγόμενος,
770 849 842 933 ἐμοὶ
856 849 969 933 μέντοι
986 850 1058 917 έιτιρ

60 944 213 1062 πταμένῳ
223 938 291 1011 αιἰκ-
298 939 557 1030 εύπρεπέστερός
570 945 638 1012 ίστι
648 946 814 1028 λέγεσθαι
836 950 941 1029 θυσίη
952 943 989 1011 δὲ
998 940 1059 1029 ήδε

62 1047 129 1109 τόν
143 1036 217 1109 ὑόν
241 1045 281 1128 τῇ
296 1039 430 1128 Σελήνῃ
442 1040 606 1131 ποιέεται·
628 1037 730 1108 ἐπεάν
747 1038 857 1126 δύσῃ,
877 1036 939 1126 τήν
952 1035 1059 1126 ούρήκ

62 1140 182 1263 ἄκρην
184 1137 288 1211 καλ
252 1165 313 1208 τον
326 1145 457 1225 σπλήνα
477 1136 587 1207 καὶ
553 1164 613 1208 τον
633 1141 792 1208 ἐπίπλοον
813 1135 985 1217 σννδελς’
971 1143 1059 1225 ομού
1116 1161 1119 1165 ·

62 1236 135 1307 κατ’
153 1228 203 1307 τόν
217 1235 361 1317 όααλνψε
379 1236 470 1324 πάσῃ
483 1242 544 1304 τού
567 1237 704 1322 κτήνεος
725 1242 765 1323 τή
781 1243 901 1322 πιμελή
923 1242 963 1324 τῃ
983 1236 1059 1321 περί

61 1361 123 1422 νην
136 1330 247 1420 νηδύν
261 1336 438 1420 γινομένη,
460 1335 516 1401 καὶ
530 1338 658 1401 ίπειτεν
672 1337 835 1418 καταγίζει
848 1338 945 1421 πυρί·
967 1357 1006 1399 τα
995 1329 1060 1399 δὲ

61 1430 146 1503 ἄλλα
162 1434 243 1518 κρέα
255 1433 419 1501 σιτέονται
435 1431 524 1498 έν
485 1456 525 1519 τῃ
542 1431 757 1522 πανσελήνῳ,
778 1434 868 1500 έν
829 1457 869 1520 τῃ
890 1427 934 1499 ἂν
946 1457 986 1499 τα
974 1429 1057 1519 ίρά

60 1527 212 1612 θύσωσι,
231 1529 269 1596 όν
289 1524 373 1616 άλλη
385 1527 423 1595 δέ
441 1525 547 1617 ἡμέρῃ
563 1525 626 1597 αι’κι
639 1525 682 1596 άν
696 1535 744 1597 ότι
757 1534 942 1615 γευσαίατο.
973 1531 1007 1597 οἱ
1021 1528 1059 1594 δὲ

61 1715 104 1802 ύς
118 1719 205 1791 καλ’
188 1721 388 1810 οπτήσκντες
402 1722 524 1801 ταύτας
535 1722 677 1791 θύουσι.

129 1823 204 1912 Τῷ
225 1822 262 1888 δέ
277 1820 436 1909 Διονύσῳ
458 1826 516 1904 τῆς
538 1816 637 1904 όρτής
658 1826 698 1907 τῇ
721 1823 840 1906 δορπίῃ
859 1831 973 1904 χοῖρον
992 1816 1057 1933 πρό
1071 1828 1107 1884 48

62 1926 131 1989 τῶν
152 1920 294 2003 θυρέων
321 1916 449 2004 σφάξας
473 1919 624 1994 ἕκαστος
634 1919 723 1984 διδοῖ
743 1912 974 2001 ἀποφέρεσθαι
998 1911 1059 1982 τόν

61 2030 178 2102 χοῖρον
191 2008 280 2101 αύτῷ
297 2037 343 2104 τῳ
328 2008 555 2102 ἀποδομένῳ
573 2017 640 2079 τόν
655 2013 839 2097 συβωτέων.
871 2007 933 2097 τήν
948 2011 984 2078 δὲ
998 2008 1076 2079 άλ-

63 2123 127 2200 λην
151 2109 314 2197 ἀνάγουσι
335 2105 440 2198 όρτήν
465 2117 511 2200 τῷ
536 2111 696 2202 Διονύσῳ
719 2114 754 2178 oc
767 2110 945 2196 Αίγύπτιοι
971 2107 1059 2197 πλήν

61 2215 173 2296 χορῶν
188 2205 271 2277 κατά
288 2203 388 2277 ταύτὰ
407 2204 526 2293 σχεδόν
541 2208 651 2277 πάντα
657 2206 806 2294 Ἕλλησι·
828 2207 901 2279 άντλ
919 2210 955 2276 δέ
971 2216 1059 2294 φαλ-

36 2389 39 2394 ,
61 2311 133 2374 λῶν
149 2301 233 2372 ἄλλα
246 2308 309 2421 σῳί
326 2305 393 2371 ἐστι
419 2302 663 2421 έξευρημέυα”
642 2323 723 2373 οσον
741 2329 784 2374 τε
790 2319 934 2392 πηχυαῖα
954 2303 1060 2390 άῃάλ-

62 2426 150 2488 ματα
161 2399 418 2485 νευρόσπαστα,
437 2395 478 2467 τά
503 2401 741 2493 περιφορέουσι
760 2399 843 2468 κατά
865 2401 977 2485 κόμας
995 2426 1059 2484 γυ-

64 2511 192 2582 ναῖκες,
211 2501 313 2563 νεῦον
330 2491 367 2562 τό
388 2499 536 2583 αἰδοίου,
565 2494 607 2564 ού
631 2503 742 2585 πολλῷ
759 2499 820 2585 τέῳ
841 2502 981 2564 ἔλασσον
1002 2491 1060 2562 έὸυ

61 2620 125 2663 του
109 2589 244 2661 ’άλλου
264 2590 430 2678 στόματος·
452 2595 648 2679 προηγέεται
665 2593 702 2660 δέ
717 2588 836 2677 αύλός,
860 2597 896 2659 αί
909 2592 946 2659 δὲ
959 2595 1060 2660 ἕπον-

61 2717 117 2760 ται
134 2684 359 2757 άείόουσαι
324 2713 385 2756 τον
398 2690 581 2758 Διόνυσον.
614 2690 700 2757 διότι
720 2691 756 2757 δὲ
776 2692 874 2776 μέζον
887 2716 923 2758 τε
943 2696 1008 2776 ἔχει
1022 2685 1060 2757 τό

63 2791 194 2857 αἰδοίου
206 2787 262 2854 καί
275 2789 377 2853 κινέει
392 2792 521 2872 μούνου
538 2787 777 2872 τοῦσώματος,
794 2791 863 2854 ἔστι
875 2787 974 2873 λόγος
987 2789 1062 2872 περὶ

64 2880 171 2953 αύτού
184 2877 256 2970 ίρὸς
269 2880 457 2968 λεγόμενος.
490 2880 578 2968 Ἤδη
599 2877 648 2951 τόν
662 2885 768 2951 δοκέει
781 2908 838 2970 μοι
853 2884 1060 2969 Μελάμπους
1072 2901 1108 2958 49

63 2977 308 3065 όῘΑμυδέτανος
323 2986 381 3065 τῆς
394 2985 516 3065 θυσίης
536 2981 658 3066 ταύτης
678 2977 741 3048 ούκ
762 2979 846 3048 εἶναι
867 2977 970 3067 άδαής
985 2975 1059 3049 ἄλλ’

63 3073 227 3165 ἔμπειρος,
263 3073 396 3161 Ἕλλησι
415 3073 480 3163 γάρ
496 3074 536 3164 δή
552 3079 760 3164 Μελάμπους
779 3078 846 3144 έστλ
865 3073 883 3144 6
903 3078 1064 3168 ἐξηγησά-

63 3198 166 3263 μενος
181 3180 242 3241 τού
262 3174 436 3242 Διονύσου
452 3173 491 3242 τό
507 3199 542 3242 τε
559 3173 687 3261 οὕνομα
707 3174 762 3242 καὶ
782 3169 844 3260 τήν
866 3183 994 3262 δυσίῃυ
1009 3181 1063 3245 καὶ

61 3271 127 3364 τήν
142 3269 279 3359 πομπήν
297 3280 358 3340 τοῦ
374 3280 521 3359 φαλλοῦ·
543 3269 704 3358 άτρεκέως
717 3270 780 3359 μὲν
800 3269 842 3340 ού
858 3273 967 3344 πάντα
982 3283 1063 3342 συλ-

63 3366 180 3460 λαβάν
203 3365 385 3449 τὸνλόγον
408 3375 531 3456 ἔφηνε,
559 3367 633 3438 ἄλλ’
656 3375 690 3439 οί
707 3370 937 3456 ἐπιγενόμενοι
957 3370 1064 3458 τούτῳ
