2354 3840
123 229 144 287 δ
501 223 748 280 HERODOTI

125 383 226 470 εἶναι,
250 380 355 470 ἤγαγε
375 379 435 450 τόν
450 381 568 466 Γύγην
587 382 620 457 ἐς
635 377 672 446 τό
690 388 831 463 οἴκημα,
855 385 909 443 καὶ
923 374 1004 460 μετά
1020 380 1126 440 ταῦτα

124 480 242 552 αὐτίκα
259 490 371 570 παρῆν
385 484 440 549 καλ
455 477 476 566 6
492 480 582 567 γυνη
591 504 598 517 ·
628 482 835 547 ἐσελθοῦσαν
853 477 889 544 δὲ
905 481 959 542 καὶ
973 486 1127 543 τιθεῖσαν

125 581 165 651 τά
182 585 297 669 εἵματα
312 575 476 666 ἐθηέετοὸ
491 579 613 664 Γύγης.
648 573 692 654 ὡς
712 577 749 643 δὲ
768 571 851 642 κατά
869 573 979 641 νιότου
995 576 1126 657 ἐγένετο

126 680 241 765 λούσης
253 686 311 766 τῆς
320 673 481 765 γυναικός
492 679 525 755 ἐς
537 673 599 762 την
613 682 738 760 κοίτην,
755 671 902 751 ὑπεκδύς
919 673 1037 759 ἐχώρεε
1053 673 1124 748 ἔξω.

126 781 181 847 καὶ
194 774 215 865 6
224 775 318 896 γυνὴ
337 779 441 865 ἐπορᾷ
458 800 517 861 μιν
534 773 674 853 ἐξιόντα.
701 777 860 858 μαθοῦσα
875 773 911 837 66
925 767 962 836 τὸ
981 768 1126 851 ποιηθὲν

125 879 162 945 ἐκ
177 882 238 944 τοῦ
259 871 445 963 ἀνδρδς”
402 899 480 942 ουτε
496 870 644 960 ἀνέβωσε
680 876 898 957 αἰσχυνθεῖσα
938 867 1016 936 οὔτε
1034 868 1127 943 ἔδοξε

126 978 277 1063 μαθέειν,
295 973 386 1043 ἐν’
345 999 416 1064 νοω
432 978 553 1058 ἔχουσα
568 978 719 1038 τίσεσθαι
731 967 790 1036 τόν
801 968 1018 1052 Κανδαύλην
1036 963 1126 1049 παρά

126 1072 190 1162 γάρ
213 1087 299 1142 τοίσι
320 1043 476 1157 Λυδοῖσι,
504 1068 624 1191 σχεδόν
647 1071 682 1136 δὲ
703 1073 758 1135 καὶ
778 1065 869 1153 παρὰ
888 1079 975 1133 τοῖσι
996 1063 1127 1132 ἀλλοισι

44 1202 48 1213 ·
126 1171 343 1260 βαρβάροισι,
368 1171 424 1237 καλ
448 1167 563 1254 ἀνδρα
582 1166 734 1254 ὀφθῆναι
754 1162 887 1252 γυμνόν
909 1168 942 1244 ἐς
963 1164 1127 1250 αἰσχύνην

80 1293 111 1349 11
124 1272 273 1359 μεγάλην
285 1274 389 1357 φέρει.
419 1270 502 1338 Τότε
513 1271 575 1356 μὲν
586 1268 683 1355 66''
640 1295 729 1337 ουτω
741 1266 842 1335 οὐδὲν
855 1264 1057 1354 δηλώσασα
1040 1286 1127 1352 ησυ-

126 1379 200 1457 ηίην
215 1368 294 1455 εἶχε·
324 1365 369 1447 ὡς
384 1369 421 1436 δὲ
434 1367 540 1456 ἡμέρη
554 1370 688 1455 τάχιστα
703 1369 872 1454 ἐγεγόνεε,
889 1375 958 1438 τῶν
971 1371 1126 1436 οἰκετέων

125 1467 205 1548 τοῦς
219 1468 362 1552 μα’λιστα
374 1465 445 1554 ἀρα
458 1466 597 1549 πιστούς
604 1469 723 1548 ἐόντας
736 1472 852 1559 ἑωυτῇ,
867 1473 1016 1557 ἑτοίμους
1027 1493 1124 1554 ποιη-

127 1572 252 1655 σαμένη
265 1565 583 1655 ἐκόλεετόνΓύγεα.
600 1567 618 1636 ὁ
632 1571 667 1637 δὲ
679 1568 781 1637 οῦδὲν
796 1573 922 1638 δοκέων
937 1567 1043 1655 αῦτην
1057 1574 1126 1633 τῶν

127 1670 346 1755 πρηχθέντων
359 1668 556 1737 ἐπίστασθαι
584 1663 666 1756 ἦλθε
696 1671 912 1756 καλεόμενος·
942 1671 1047 1739 ἐύθεε
1060 1665 1125 1755 γάρ

127 1773 182 1839 καὶ
197 1768 345 1856 πρόσθε,
370 1765 456 1847 ὅκως
471 1765 492 1854 6
511 1776 662 1856 βασίλεια
678 1772 807 1855 καλέοι,
830 1776 961 1856 φοιτᾶν.
996 1767 1041 1847 ὡς
1055 1771 1091 1835 δὲ
1107 1765 1125 1835 6

126 1867 238 1952 Γύγης
249 1862 395 1950 ἀπίκετο,
408 1871 500 1951 ἔλεγε
513 1865 534 1952 6
546 1863 633 1952 γυνη
647 1867 743 1935 τάδε·
758 1875 838 1936 Νῦν
851 1894 903 1936 τοι
921 1874 1017 1937 δυοῖν
1032 1866 1128 1936 ὁδοῑν

126 1967 358 2049 παρεουσέων,
376 1966 487 2052 Γύγη,
506 1970 624 2051 δίδωμι
644 1968 790 2052 αἵρεσιν,
815 1965 975 2054 ὁκοτέρην
989 1968 1128 2053 βούλεαι

125 2059 328 2151 τραπέσθαι·
344 2060 366 2151 6
378 2064 442 2153 γὰρ
454 2067 657 2155 Κανδαύλην
667 2064 864 2147 ἀποκτείνας
879 2072 938 2155 ε’μέ
949 2071 1050 2136 τεκαὶ
1064 2067 1128 2154 την

127 2170 304 2253 βασιληίην
319 2169 370 2250 ἔχε
384 2163 446 2251 την
461 2169 594 2250 Λυδῶν,
611 2161 750 2252 ἢαῦτόν
761 2186 798 2233 σε
809 2163 927 2234 αὐτίκα
942 2164 1031 2233 οῦτω
1042 2164 1130 2232 ἀπο-

126 2264 292 2351 θνήσκειν
313 2267 379 2349 δεῖ,
402 2260 446 2342 ὡς
467 2260 511 2331 ἀν
531 2262 575 2350 μὴ
596 2265 706 2331 πάντα
726 2265 930 2350 πευθόμενος
943 2265 1129 2351 Κανδαύλῃ

100 2433 105 2441 ,
131 2367 189 2428 τοῦ
203 2366 324 2429 λοιποῦ
346 2365 418 2448 ίδης
432 2361 472 2428 τά
487 2363 535 2451 μή
549 2383 587 2429 σε
603 2366 661 2430 δελ.
697 2360 766 2431 ἀλλ’
781 2360 854 2449 ἤτοι
872 2363 1003 2431 ἐκεῖνόν
1016 2389 1054 2449 γε
1068 2363 1129 2430 τόν

131 2466 232 2528 ταῦτα
253 2459 484 2544 βουλεύσαντα
505 2465 556 2528 δεῖ
577 2457 809 2546 ἀπόλλυσθαι,
829 2456 851 2547 6
865 2462 903 2529 σὲ
918 2459 979 2528 τόν
994 2465 1049 2546 ἐμὲ
1065 2488 1130 2545 γυ-

129 2556 219 2647 μνὴν
234 2559 454 2644 θηησάμενον
474 2563 529 2627 καλ
545 2559 733 2645 ποιήσαντα
749 2557 790 2625 06
806 2559 1015 2644 νομιζόμενα.
1041 2556 1078 2625 ‘0
1095 2561 1132 2625 66

130 2657 241 2743 Γύγης
257 2659 338 2735 τέως
349 2660 411 2776 μὲν
441 2653 639 2745 ἀπεθώμαζε
663 2656 703 2724 τά
720 2657 895 2743 λεγόμενα,
909 2657 993 2776 μετά
1011 2662 1048 2726 δὲ
1062 2663 1133 2727 ίκέ-

130 2780 205 2822 τευε
215 2753 262 2840 μή
272 2779 331 2838 μιν
342 2750 506 2844 ἀναγκαίη
518 2757 626 2823 ἐνδεῖν
638 2760 806 2841 διακρῖναι
820 2755 978 2842 τοιαύτην
989 2760 1130 2844 αἵρεσιν.

131 2850 194 2921 οῦκ
212 2845 261 2919 όν
282 2849 322 2975 δη
345 2859 476 2939 ἔπειθε,
498 2850 605 2940 ἀλλ’
584 2852 655 2939 ω’ρα
675 2851 867 2976 ἀναγκαίην
878 2851 1030 2977 ἀληθέως
1047 2879 1134 2941 πρυ·
1165 2888 1169 2937 η

131 2949 322 3039 κειμένην”
300 2981 321 3040 η
333 2953 394 3039 τόν
407 2955 573 3041 δεσπότην
584 2952 773 3078 ἀπολλύναι
787 2962 808 3040 η’
825 2949 930 3021 αῦτόν
941 2951 1001 3021 ὑπ’
1021 2953 1169 3023 ἀλλων·“

132 3051 361 3120 ἀπόλλυσθαι
390 3057 534 3141 αἱρέεται
559 3050 662 3131 αῦτῦς
688 3066 860 3140 περιεῖναι.
901 3054 1064 3141 ἐπειρωτα
1093 3040 1169 3146 66i

31 3236 33 3243 γ
130 3156 239 3239 λέγων
261 3152 356 3220 τόδε
385 3151 476 3222 Ἐπεί
495 3180 536 3241 με
556 3151 753 3238 ἀναγκάζεις
777 3149 999 3238 δεσπότην
963 3179 1025 3219 τον
1052 3153 1169 3274 ἐμόν

131 3256 273 3317 κτείνειν
296 3248 358 3318 οῦκ
379 3254 557 3336 ἐθέλοντα,
581 3254 663 3337 φέρε
684 3247 837 3334 ἀκούσω,
859 3252 922 3340 τέω
943 3253 998 3319 καλ
1021 3250 1169 3345 τρόπω

131 3345 439 3434 ἐπιχειρήσομεν’
397 3356 497 3440 αυτῷ.
524 3347 624 3417 ‘6H6
644 3345 865 3434 ὑπολαβοῦσα
888 3317 971 3435 ἐφη
999 3348 1052 3420 Ἐκ
1073 3344 1169 3420 τοῦτ’

131 3441 236 3512 αῦτου
222 3448 313 3531 μὲν
326 3445 516 3534 χωρίουὴ“
502 3445 588 3535 ορμη
610 3453 718 3535 ἔσται,
740 3447 825 3517 ὅθεν
847 3473 910 3536 περ
932 3453 989 3519 καλ
1010 3454 1169 3535 ἐκεῖνος
