2354 3840
323 212 410 269 ιιε.
442 212 464 267 1.
498 210 597 268 cAP.
633 217 812 274 ιιι-ιιι.
1030 206 1071 274 λε

58 370 128 436 ἐστι
156 369 279 455 μέρεα,
304 369 461 457 Πελλήνη
487 372 550 457 μέν
569 395 608 456 γε
632 369 747 457 πρῶτη
775 370 860 459 πρὸς
880 379 1069 460 Σικυῶνος,

59 465 143 548 μετά
159 466 196 535 δὲ
212 477 355 554 Αίγειρα
372 472 428 539 καί
443 472 562 556 Ανγαί,
577 471 615 537 έν
629 476 670 557 τῇ
681 477 814 554 Κρᾶθις
828 470 976 559 ποταμός
998 469 1070 540 ἀεί-

59 565 142 645 ναός
167 567 254 651 ἐστι,
280 563 340 633 ὐπ’
371 566 451 635 ότευ
477 564 495 635 ὁ
522 568 560 634 ἐν
576 564 695 655 Ἰταλίη
716 567 864 655 ποταμὸς
886 568 924 639 τό
939 568 1071 656 οὐνομα

60 670 153 752 ἐσχε,
183 665 239 733 καί
252 671 367 750 Βοῦρα
387 668 443 734 καλ
467 663 593 751 Ἑλίκη,
619 669 653 744 ἐς
668 663 731 752 τήν
747 670 939 754 κατέφυγον
954 667 1070 747 Ἴωνες

59 760 126 832 ὐπό
143 759 286 847 Ἀχαιῶν
305 763 393 853 μάχη
417 766 637 850 ἑσσωθέντες,
667 766 722 832 καί
742 773 865 850 Αίγιον
884 768 940 834 καὶ
954 766 1070 845 Ῥύπες

10 940 14 947 ,
60 864 113 930 καί
127 865 278 945 Πατρέες
292 863 347 930 καί
362 864 490 945 Φαρέες
503 865 559 931 καὶ
576 861 734 949 Ὤλενος,
757 866 795 931 ἐν
807 870 854 954 τῷ
868 871 991 950 Πεῖρος
1005 888 1069 932 πο-

60 958 164 1047 ταμός
183 962 287 1046 μέγας
300 963 385 1047 ἐστί,
412 964 469 1030 καί
481 961 584 1046 Δύμη
606 963 662 1029 καί
681 963 866 1047 Τριταιέες,
891 968 926 1029 οἳ
947 969 1069 1048 μοῦνοι

61 1060 193 1129 τούτων
222 1059 397 1145 μεσόγαιοι
427 1063 585 1129 οἰκέουσι.
651 1067 763 1128 Ταῦτα
788 1060 943 1130 δυόδεκα
967 1064 1069 1149 μέρεα
1088 1078 1137 1137 14⁶

61 1165 127 1225 νῦν
136 1154 279 1243 Ἀχαιῶν
292 1160 361 1226 ἐστί
374 1160 431 1225 καὶ
443 1158 519 1225 τότε
539 1183 579 1245 γε
592 1156 715 1227 Ἰάνων
728 1151 782 1245 ήν.
815 1159 946 1226 τοότων
961 1156 1002 1246 δή
1020 1162 1069 1226 εί-

61 1281 160 1324 νεκεν
187 1259 244 1324 καὶ
271 1260 305 1324 οἱ
327 1253 439 1335 Ἴωνες
454 1255 607 1324 δυόδεκα
634 1254 727 1337 πόλις
754 1256 972 1343 ἐποιήσαντο,
998 1257 1069 1323 ἐπεὶ

61 1352 105 1433 ῶς
124 1356 168 1441 γέ
182 1378 216 1422 τι
236 1360 365 1440 μᾶλλον
385 1348 481 1422 οὐτοι
493 1352 608 1433 Ἴωνές
623 1360 687 1423 είσι
702 1361 771 1422 τῶν
785 1353 898 1424 ἄλλων
909 1350 1068 1441 Ἰῶνωνή

59 1452 204 1524 κάλλιόν
218 1480 251 1521 τι
265 1454 436 1542 γεγόνασι,
453 1461 561 1542 μωρίη
576 1452 682 1542 πολλή
696 1457 818 1543 λέγειν,
834 1455 1069 1544 τῶνἍβαντες

58 1552 122 1640 μὲν
142 1554 178 1632 ἐξ
191 1548 340 1639 Εὐβοίης
360 1557 423 1622 scaz
444 1552 508 1622 οὐκ
529 1557 680 1640 ἐλαχίστη
701 1567 819 1640 μοῖρα,
840 1568 925 1622 τοῖσι
942 1551 1067 1639 Ἰωνίης

57 1653 140 1738 μέτα
155 1646 236 1719 οὐδὲ
249 1657 311 1719 τοῦ
324 1648 511 1738 οὐνόματος
525 1649 644 1734 οὐδέν,
665 1652 799 1721 Μινύαι
815 1655 852 1721 δέ
862 1651 1068 1740 Ὀρχομένιοί

58 1768 120 1835 σφι
132 1744 374 1833 ἀναμεμίχαται
386 1746 442 1815 καί
451 1752 614 1834 Καδμεῖοι
626 1747 683 1815 καὶ
696 1747 852 1834 Δρύοπες
866 1751 923 1817 καὶ
934 1751 1066 1827 Φωκέες

58 1843 265 1932 ἀποδάσμιοι
288 1849 344 1913 καλ
369 1848 545 1915 Μολοσσοὶ
569 1849 624 1913 καί
642 1842 799 1931 Ἀρκάόες
818 1850 986 1933 Πελασγοὶ
1010 1851 1066 1915 καί

58 1946 211 2033 Δωριέες
222 1940 448 2030 Ἐπιδαύριοι,
470 1942 557 2013 άλλα
569 1970 606 2012 τε
621 1949 724 2012 ἐθνεα
739 1943 847 2014 πολλά
861 1944 1066 2034 ἀναμεμίχα-

58 2068 131 2111 ται·
161 2046 195 2111 οί
214 2040 250 2109 δέ
270 2038 384 2109 αὐτῶν
404 2039 470 2109 άπὸ
489 2049 552 2109 τοῦ
573 2049 783 2129 πρυτανηίου
809 2047 869 2112 τοῦ
890 2041 1065 2130 Ἀθηνέων

59 2138 269 2228 ὁρμηθέντες
289 2143 344 2208 καὶ
363 2145 555 2226 νομίζοντες
574 2141 805 2226 γενναιότατοι
828 2142 914 2211 εἶναι
931 2140 1064 2229 Ἰιόνων,

13 2246 17 2251 ’
59 2231 157 2308 οὗτοι
172 2241 209 2306 δέ
231 2235 273 2306 οὐ
289 2253 453 2325 γυναῖκας
471 2234 641 2324 ἠγάγοντο
658 2240 691 2317 ἐς
710 2237 772 2326 τήν
786 2238 961 2327 ἀποικίην,
979 2237 1064 2309 άλλά

59 2345 207 2426 Καείρας
222 2343 336 2424 ἔσχον,
357 2346 426 2406 τῶν
440 2338 632 2425 ἐφόνευσαν
653 2338 734 2418 τούς
747 2345 876 2426 γονέας.
915 2340 970 2411 διά
984 2349 1065 2410 τοῦ·

58 2463 121 2506 τον
144 2439 182 2505 δέ
205 2433 267 2505 τόν
292 2435 403 2522 φόνον
427 2441 465 2505 αί
486 2451 643 2522 γυναῖκες
669 2431 767 2506 αὐται
792 2440 901 2527 νόμον
923 2445 1065 2527 θέμεναι

59 2545 156 2627 σφίσι
173 2535 293 2626 αὐτῇσι
308 2536 432 2623 ὅρκους
446 2538 617 2625 ἐπήλασαν
634 2541 689 2606 καί
703 2544 895 2626 παρέιλοσαν
908 2547 983 2630 τήσι
996 2551 1065 2610 θν-

59 2636 220 2725 γατράσι,
241 2636 288 2724 μή
302 2662 379 2705 κοτε
392 2634 589 2723 ὁμοσιτῆσαι
605 2651 691 2705 τοῖσι
705 2635 849 2726 άνᾶράσι
863 2643 947 2727 μηδὲ
961 2637 1066 2709 οὐνό-

60 2763 140 2806 ματι
153 2741 262 2822 βῶσαι
281 2733 344 2804 τόν
358 2739 484 2822 ἑωυτῆς
498 2734 624 2824 ἄνδρα,
639 2742 739 2806 τοῦδε
757 2743 901 2827 εἵνεκεν,
917 2739 968 2809 ότι
983 2740 1065 2827 ἐφό-

59 2854 189 2905 νευσαν
207 2853 323 2921 σφεων
342 2832 423 2914 τούς
443 2840 587 2921 πατέρας
602 2839 658 2904 καὶ
670 2835 796 2925 ἄνδρας
809 2842 865 2906 καί
878 2843 998 2917 παῖδας
1011 2842 1066 2906 καὶ

59 2940 193 3004 ἔπειτεν
207 2940 312 3000 ταῦτα
327 2932 528 3020 ποιήσαντες
541 2931 662 3022 αὐτῇσι
684 2942 871 3004 συνοίκεον,
910 2942 1014 3003 ταῦτα
1030 2935 1067 3002 δέ

58 3028 103 3123 ἦν
127 3031 292 3119 γινόμενα
317 3034 354 3099 έν
378 3031 529 3123 Μιλήτῳ.
580 3035 745 3114 Βασιλέας
769 3037 805 3102 δέ
831 3032 1010 3122 ἐστήσαντο
1036 3039 1071 3104 οό
1085 3041 1135 3100 147

58 3134 122 3222 μὲν
138 3128 252 3200 αὐτῶν
265 3138 414 3209 Λυκίους
429 3127 495 3197 άπὸ
509 3133 668 3200 Γλαύκου
680 3140 743 3200 τοῦ
757 3131 954 3219 Ἱππολόχου
968 3158 1068 3219 γεγο·

14 3246 19 3254 “
57 3232 179 3319 νότας,
201 3236 235 3300 ol
254 3231 290 3300 δέ
305 3231 494 3308 Καύκωνας
506 3237 657 3310 Πυλίους
679 3229 744 3298 άπό
760 3231 899 3318 Κόδρον
912 3238 974 3298 τοῦ
991 3237 1068 3298 Με-

58 3333 213 3416 λάνθου,
229 3336 264 3400 οί
276 3331 313 3400 δέ
327 3335 383 3399 καί
398 3334 684 3420 συναμφοτέρους.
714 3328 799 3401 ιἰλλᾶ
814 3330 879 3418 γὰρ
894 3336 1068 3417 περιέχον-

57 3458 112 3500 ται
127 3437 190 3500 τοῦ
206 3426 394 3516 οὐνόματος
407 3431 538 3514 μᾶλλόν
551 3459 583 3498 τι
598 3438 666 3499 τῶν
678 3430 791 3500 ἄλλων
801 3428 942 3513 Ἰάνων,
965 3436 1067 3496 ἔστω-
