2354 3840
188 204 190 209 ’
312 210 397 266 LIB.
430 210 477 264 IV.
511 208 609 265 CAP.
647 213 821 269 164-168.
1011 203 1072 268 367

70 373 99 432 O
116 369 153 435 δέ
169 365 355 456 Ἀρυάνδης
374 360 419 452 ἦν
439 358 538 444 οὗτος
559 372 617 451 τῆς
635 365 811 450 Αίγόπτου
833 364 981 453 ὕπαρχος
1005 365 1072 435 ὑπό
1089 389 1140 445 166

65 468 258 556 Καμβύσεω
281 463 480 551 κατεστεώς,
503 463 540 544 δς
562 462 690 556 ὑστέρφ
709 464 819 556 χρόνῳ
839 465 970 532 τοῦτον
984 491 1072 551 παρ·
1143 508 1147 513 -

65 565 245 654 ισοόμενος
257 573 392 657 Δαρείφ
413 565 593 651 διεφθάρη.
623 565 817 651 πυθόμενος
836 563 902 651 γάρ
916 569 971 634 καὶ
988 562 1071 634 ίδών

64 676 216 746 Δαρείου
247 667 474 752 ἐπιθυμέοντα
505 665 725 751 μνημόσυνον
756 667 883 732 έωιποῦ
912 669 1071 734 λιπέσθαι

67 770 182 850 τοῦτο,
198 762 235 832 τδ
251 761 296 851 μη
312 762 401 854 άλλῳ
414 773 464 848 είη
476 765 608 850 βασιλέϊ
619 765 903 849 κατεργασμένον,
921 765 1070 849 ἐμιμέετο

65 869 207 948 τοῦτον,
229 864 263 940 ές
279 859 299 930 δ’
314 868 412 950 ἔλαβε
426 860 487 929 τὸν
500 862 636 946 μισθόν.
671 871 815 947 Δαρεῖος
830 857 972 947 μέν-γάρ
987 884 1071 946 χρυ-

65 965 141 1026 σίον
152 960 395 1048 καθαρώτατον
402 958 575 1046 ἀπεψήσας
586 963 618 1038 ές
628 957 666 1027 τό
678 959 913 1028 δυνατώτατον
923 959 1071 1044 νόμισμα

64 1055 219 1142 ἐκόψατο,
233 1054 419 1145 Ἀρυάνδης
432 1059 468 1126 δὲ
479 1055 591 1144 άρχιον
600 1058 776 1144 Αίγάπτου
788 1055 952 1145 άργόριον
961 1054 1069 1127 τώυτδ

64 1161 165 1221 τοῦτο
181 1156 304 1223 έποίεε·
333 1158 390 1224 καί
409 1163 475 1223 νῦν
492 1158 560 1225 ἐστὶ
580 1153 746 1243 άργόριον
765 1154 1008 1242 καθαρώτατον
1031 1153 1069 1226 τό
1120 1240 1121 1243 ¹

61 1249 294 1338 Ἀρυανδικόν.
318 1251 442 1340 μαθών
463 1253 500 1322 δέ
519 1254 664 1342 Δαρεῖός
685 1279 744 1340 μιν
769 1259 874 1320 ταῦτα
897 1260 1068 1342 ποιεῦντα,

64 1355 174 1437 αι’τίην
186 1354 220 1419 οί
228 1344 335 1438 ἄλλην
345 1356 534 1439 ἐπενείκας,
551 1352 596 1433 ώς
607 1358 641 1422 οί
649 1356 871 1438 ἐπανίσταιτο,
885 1349 1067 1421 ἀπέκτεινε.

69 1448 153 1517 Τότε
168 1450 205 1519 δέ
220 1443 319 1530 οὗτος
336 1448 355 1521 ὁ
372 1449 557 1540 Ἀρυάνδης
571 1458 797 1538 κατοικτείρας
811 1457 999 1538 Φερετίμην
1015 1455 1069 1519 δν-
1086 1473 1135 1531 167

63 1553 120 1615 δοῖ
132 1546 216 1638 αὐτῇ
231 1551 375 1637 στρατὸν
388 1550 449 1619 τὸν
465 1556 498 1633 ἐξ
508 1553 685 1640 Αἰγύπτου
695 1549 844 1637 ἅπαντα,
863 1552 919 1619 καὶ
931 1547 993 1619 τόν
1007 1573 1069 1617 πε-

63 1644 121 1728 ζόν
146 1649 201 1715 καί
224 1644 285 1714 τδν
309 1648 489 1736 ναυτικόν,
522 1648 708 1737 στρατηγὸν
734 1651 771 1718 δὲ
793 1658 855 1720 τοῦ
880 1652 942 1737 μὲν
967 1656 1087 1733 πεζοῦ

55 1743 195 1830 Ἀμασιν
225 1742 362 1827 ἀπέδεξε
390 1745 498 1835 άνδρα
523 1749 729 1835 Μαράφιον,
757 1754 819 1815 τοῦ
842 1747 880 1815 δὲ
904 1754 1068 1816 ναυτικοῦ

62 1842 199 1927 Βάδρην
213 1842 310 1911 ἐόντα
323 1846 554 1932 Πασαργάδην
566 1849 672 1933 γένος.
695 1850 776 1930 πρὶν
787 1849 824 1914 δὲ
838 1841 860 1933 ἢ
875 1843 1066 1914 ἀποστεῖλαι

61 1938 123 2027 την
135 1938 293 2028 στρατιὴν
304 1940 322 2011 ὁ
335 1940 520 2033 Ἀρυάνδης
529 1947 660 2030 πέμψας
671 1946 704 2022 ές
713 1940 776 2029 τὴν
785 1942 925 2029 Βάρκην
936 1942 1067 2030 κη’ρυκα

62 2039 290 2127 ἐπυνθάνετο,
309 2049 359 2122 τίς
380 2053 431 2130 είη
460 2041 478 2113 ὁ
499 2041 715 2126 Ἀρκεσίλεων
736 2037 942 2120 ἀποκτείνας.
977 2045 1012 2108 οί
1029 2041 1066 2108 δέ

60 2146 222 2224 Βαρκαῖοι
243 2137 339 2231 αὐτοὶ
358 2138 562 2211 ῦπεδέκοπο
583 2141 718 2220 πάντες.
742 2140 851 2208 πολλά
867 2167 903 2208 τε
922 2138 988 2228 γάρ
1010 2142 1066 2208 καὶ

60 2232 146 2303 κακά
158 2237 298 2322 πάσχειν
310 2237 370 2308 ὑπ’
384 2240 498 2309 αὐτοῦ.
522 2240 717 2324 πυθόμενος
728 2237 879 2305 δὲταῦτα
890 2235 909 2305 ὁ
920 2234 1066 2322 Ἀρυάν-

60 2339 119 2417 δης
134 2332 222 2399 οῦτοι
243 2333 284 2421 δη
305 2335 368 2422 την
388 2337 547 2424 στρατιὴν
561 2335 732 2405 ἀπέστειλε
746 2335 814 2421 άμα
834 2344 874 2424 τῇ
889 2339 1062 2424 Φερετίμη.

58 2429 143 2514 αὕτη
158 2432 221 2516 μέν
234 2460 300 2501 νυν
314 2440 400 2522 αίτίη
414 2436 589 2525 πρόσχημα
604 2441 665 2502 τοῦ
680 2434 785 2520 λόγον
797 2437 940 2521 ἐγίνετο,
963 2435 1065 2521 §mp-

58 2554 138 2597 πετο
154 2529 190 2596 δὲ
204 2525 226 2616 ἡ
241 2529 394 2618 στρατιὴ,
415 2530 460 2611 ώς
481 2535 554 2619 ἐμοὶ
569 2536 714 2618 δοκέειν,
737 2533 790 2599 ἐπὶ
803 2529 944 2618 Λιβύων
959 2556 1064 2598 κατα-

57 2635 195 2723 στροφῇ.
240 2629 380 2717 Λιβόοιν
394 2628 459 2718 γάρ
474 2628 515 2717 δὴ
528 2637 631 2700 ἔθνεα
642 2627 749 2698 πολλοὶ
761 2631 816 2697 καὶ
827 2642 969 2695 παντοῖα
984 2630 1063 2714 ἐστὶ,
1140 2688 1143 2693 .

57 2727 112 2794 καὶ
126 2723 167 2793 τά
181 2730 244 2812 μὲν
258 2725 371 2795 αὐτῶν
381 2726 477 2815 ὀλίγα
488 2733 641 2817 βασιλέος
650 2723 695 2816 ἦν
706 2726 857 2817 ῦπηκοα,
873 2723 913 2793 τά
925 2728 962 2794 δὲ
973 2729 1063 2794 πλέοι

54 2823 228 2908 ἐφρόντιζε
241 2830 392 2910 Δαρείου
407 2824 516 2895 οὐδέν.

142 2927 299 2992 Οίκέονσι
315 2927 351 2994 δὲ
371 2923 455 2994 κατὰ
469 2927 549 2995 τάδε
565 2933 704 3015 Λίβυες,
726 2924 784 2994 ἀπ’
800 2927 977 3012 Αίγάπτου
998 2925 1063 3015 άρ-
1079 2942 1130 2997 168

56 3023 202 3108 ξάμενοι.
227 3031 354 3110 πρῶτοι
370 3022 666 3113 Ἀδυρμαχίδαι
679 3028 819 3115 Λιβύων
838 3026 1059 3115 κατοικέαται,

52 3126 88 3186 οἳ
107 3119 242 3205 νόμοισι
256 3123 319 3206 μέν
340 3119 381 3190 τά
401 3126 491 3191 πλέω
509 3130 723 3210 Αίγνπτίοισι
740 3126 911 3212 χρέονται,
935 3128 1061 3214 έσθῆτα

52 3220 89 3286 δέ
108 3223 270 3307 φορέουσι
307 3225 447 3311 οῗηνπερ
471 3226 505 3292 οἱ
524 3219 619 3292 άλλοι
632 3230 764 3311 Λίβυες.
787 3228 825 3292 αί
844 3225 882 3292 δὲ
901 3239 1061 3310 γυναῖκες

52 3311 165 3384 αῦτῦν
180 3321 298 3399 ψέλιον
311 3324 388 3405 περὶ
399 3322 537 3411 ἑκατέρη
546 3328 615 3388 νῦν
629 3327 786 3411 κνημέων
803 3327 965 3409 φορέουσι
977 3321 1060 3409 χάλ-

53 3442 149 3505 κεον,
172 3414 240 3495 τάς
255 3416 404 3504 κεφαλάς
427 3416 464 3487 δὲ
479 3421 669 3507 κομέουσαι,
681 3418 761 3500 τοῦς
787 3433 931 3509 φθεῖρας
957 3414 1060 3488 έπεάν
