2354 3840
135 220 176 280 94
512 229 765 287 HERODOTI

72 448 76 453 .
133 409 199 451 νυν
212 388 361 471 μέγαθος
375 386 517 454 τοσοῦτό
535 389 603 453 έστι
621 394 682 454 τού
696 386 813 468 ἄστεος
831 416 892 458 του
878 396 1137 485 Βαβυλωνίου.

133 484 334 572 ἐκεκόσμητο
350 483 427 554 δὲ
405 513 449 565 ως
467 484 568 554 οὐδὲν
583 484 664 556 ἄλλο
680 489 827 577 πόλισμα
841 498 909 559 τῶν
922 491 1019 581 ἡμεῖς
1034 502 1135 585 ἴδμεν.

131 581 259 669 τύφρος
281 585 344 669 μὲν
367 585 484 670 πριότύ
507 612 566 704 μιν
590 589 700 672 βαθέα
717 613 753 656 τε
778 591 833 657 καὶ
856 589 956 676 εύρέα
978 598 1035 663 καί
1059 598 1136 683 πλέη

130 678 253 759 ύδατος
267 685 429 770 περιθέει,
445 710 526 770 μετα
516 681 579 751 δε
593 698 699 769 τεῖχος
709 688 917 774 πεντήκοντα
931 692 995 778 μὲν
1008 698 1139 781 πηχέων

129 784 314 864 βασιληίων
330 776 442 846 ἐόν
408 805 444 847 το
462 773 578 868 εύρος,
600 780 689 861 ὕψος
704 783 741 852 δὲ
756 790 938 871 διηκοσίων
954 788 1131 877 πηχέων.
1117 816 1137 857 ο

130 875 353 965 δδβασιλήιος
366 884 472 964 πῆχυς
487 885 548 946 τού
563 888 660 966 μετρί
659 906 701 946 ου
646 885 784 949 ίέστί
798 884 919 970 πήχεος
929 893 1048 1014 μέζων
1052 891 1134 974 τρισὶ

71 982 118 1040 179
129 976 331 1045 δακτύλοισι.
354 986 421 1044 Δεῖ
432 977 475 1064 δή
488 1003 529 1064 με
540 975 625 1062 πρὸς
638 979 786 1047 τούτοισι
802 987 850 1048 ἔτι
867 986 1014 1103 φρύσαι,
1030 990 1089 1053 ἵνα
1102 1011 1134 1053 τε

30 1109 32 1115 ·
129 1079 166 1145 έκ
182 1083 240 1163 τῆς
258 1077 392 1163 τύφρου
411 1075 432 1165 ή
455 1084 497 1164 γῆ
515 1075 748 1166 ἀναισιμώθη,
770 1079 875 1149 καὶ
840 1107 878 1148 το
899 1099 1005 1170 τεῖχος
1019 1085 1134 1155 ὅντινα

129 1173 255 1259 τρόπον
276 1181 427 1261 ἔργαστο.
465 1171 667 1259 ὀρύσσοντες
691 1174 760 1261 ἅμα
779 1175 842 1263 τήν
862 1179 995 1266 τύφρον
1021 1185 1132 1250 ἐπλίν-

127 1282 235 1339 θευον
248 1270 311 1359 τήν
324 1279 388 1360 γῆν
402 1270 465 1360 τήν
480 1275 517 1340 ἐκ
530 1279 591 1340 τοῦ
605 1270 795 1360 ὀρύγματος
812 1278 1061 1365 ἐκφερομένην,
1081 1280 1131 1347 έλ-

126 1371 290 1449 κύσαντες
310 1376 346 1440 δὲ
366 1379 533 1451 πλίνθους
553 1370 673 1451 ίκανόις
687 1371 846 1459 ύόπτησαν
861 1371 964 1452 αύτᾶς
981 1377 1019 1440 έν
1034 1381 1130 1462 καμί-

126 1488 231 1535 νοισι·
254 1466 336 1554 μετὰ
357 1472 393 1538 δὲ
410 1474 543 1556 τέλματι
564 1471 741 1556 χρεόμενοι
762 1469 922 1561 ἄσφύλτφ
944 1478 1058 1560 θερμῇ
1079 1474 1130 1539 καί

127 1565 182 1634 διὰ
203 1567 381 1657 τριήκοντα
406 1571 520 1655 δόμων
542 1576 691 1637 πλίνθου
712 1566 855 1655 ταρσούς
876 1569 1038 1656 καλάμων
1059 1576 1127 1639 δια·

126 1667 354 1753 στοιβύζοντες
374 1674 509 1755 έδειμαν
524 1674 638 1753 πρῶτα
655 1669 718 1753 μέν
733 1673 790 1753 τῆς
804 1667 938 1753 τάφρον
954 1666 996 1735 τύ
1010 1676 1128 1755 χείλεα,

126 1763 266 1848 δεύτερα
281 1768 317 1833 δὲ
331 1763 413 1834 αύτό
431 1765 468 1834 τό
484 1781 590 1852 τεῖχος
603 1761 664 1831 τόν
679 1762 785 1832 αύτδν
799 1765 935 1848 τρόπον.
965 1769 1080 1834 έπύνω
1094 1765 1127 1833 δέ

124 1869 185 1929 τοῦ
198 1869 321 1949 τείχεος
341 1861 431 1948 παρὰ
453 1862 493 1932 τοὶ
512 1870 629 1949 ἔσχατα
644 1863 805 1949 οἰκήματα
824 1865 1027 1949 μουνόκωλα
1044 1869 1127 1934 έδει-

125 1989 203 2048 μαν,
219 1967 424 2051 τετραμμένα
436 1967 468 2043 ές
479 1962 622 2050 ἄλληλα·
645 1961 681 2029 τό
694 1964 798 2049 μέσον
810 1963 847 2030 δὲ
857 1970 925 2030 τῶν
938 1967 1127 2052 οἰκημάτων
1143 2022 1148 2028 .

125 2065 241 2128 ἔλιπον
260 2069 434 2154 τεθρίππῳ
455 2067 655 2147 περιέλασιν.
686 2060 790 2127 πύλαι
807 2062 844 2128 δέ
864 2066 1016 2131 ἐνεστᾶσι
1034 2066 1126 2149 πέριξ

123 2169 185 2230 τοῦ
200 2166 322 2247 τείχεος
338 2163 474 2248 έκατδν,
494 2161 632 2247 χύλκεαι
647 2167 767 2245 πᾶσαι,
789 2163 845 2228 καὶ
860 2169 1009 2248 σταθμοί
1018 2190 1055 2232 τε
1073 2168 1126 2234 καὶ

122 2257 302 2346 ὑπέρθυρα
318 2257 485 2338 ὡσαύτως.
509 2260 629 2339 ἔστιδὲ
644 2257 727 2345 ἄλλη
742 2259 839 2337 πόλις
855 2256 1024 2346 ἀπέχουσα
1040 2259 1125 2331 ὀκτδ

120 2354 273 2444 ἡμερέων
287 2353 369 2427 ὁδόν
384 2355 449 2426 ἆπό
464 2361 686 2442 Βαβυλῶνος,
700 2352 745 2433 Ἲς
767 2355 896 2442 οὕνομα
912 2355 1006 2447 αὐτῇ.
1041 2364 1125 2429 ένθα

113 2458 189 2523 -έστὶ
202 2454 349 2543 ποταμός
371 2454 413 2523 ού
429 2459 548 2541 μέγας,
561 2451 608 2532 Ἲς
622 2455 678 2521 καὶ
698 2460 744 2543 τῷ
762 2460 899 2546 ποταμῷ
920 2453 956 2522 τό
985 2454 1123 2544 οὔνομα.

120 2553 273 2639 ἐσβάλλει
284 2557 320 2622 δέ
331 2547 429 2632 οὗτος
440 2556 473 2631 ές
484 2550 544 2620 τόν
555 2549 742 2638 Εὐφρήτην
752 2548 904 2637 ποταμόν
920 2549 958 2617 τό
970 2553 1123 2638 ῥέεθρον.

120 2644 218 2730 οὗτος
233 2644 282 2720 όν
293 2649 366 2730 ὁἺς
380 2649 526 2736 ποταμός
541 2649 610 2736 ἅμα
624 2656 670 2740 τῷ
685 2648 782 2717 ὕδατι
801 2646 977 2733 θρόμβους
993 2645 1125 2735 ύσφύλ-

119 2774 180 2816 του
198 2747 354 2816 ἀναδιδοῖ
365 2745 527 2833 πολλούς,
546 2754 649 2815 ἔνθεν
665 2745 687 2833 ἡ
708 2746 877 2832 ἄσφαλτος
900 2749 934 2825 ές
950 2744 987 2815 τό
1004 2750 1043 2814 έν
1055 2758 1125 2817 Βα-

60 2858 108 2913 180
117 2851 247 2930 βυλῶνι
261 2857 366 2930 τεῖχος
381 2848 553 2928 ἐκομίσθη.
611 2851 797 2929 Τετείχιστο
812 2847 874 2930 μέν
891 2872 957 2912 νυν
973 2843 994 2933 ή
1008 2853 1124 2933 Βαβυ-

117 2939 187 3010 λών
201 2941 315 3031 τρόπφ
328 2945 463 3031 τοιῷδε,
483 2945 551 3007 ἔστι
572 2941 609 3008 δὲ
629 2941 691 3008 δύο
710 2941 842 3027 φύρσεα
856 2949 915 3029 τής
929 2942 1056 3023 πόλιος.
1085 2936 1122 3010 τδ

118 3036 183 3124 γὰρ
199 3042 302 3125 μέσον
316 3035 418 3124 αύτής
438 3036 584 3125 ποταμός
600 3041 740 3126 διέργει,
761 3045 807 3130 τῷ
821 3038 953 3127 ούνομύ
966 3043 1035 3108 ἐστι
1052 3036 1124 3111 Eo}-

119 3135 264 3226 φρήτης,
291 3136 358 3224 ῥέει
381 3138 417 3204 δέ
440 3139 473 3216 ἐξ
491 3134 690 3223 Ἀρμενίων,
718 3135 784 3205 έων
804 3141 907 3226 μέγας
933 3143 989 3208 καὶ
1010 3136 1125 3226 βωθύς

118 3236 173 3303 καὶ
193 3232 310 3321 ταχύς·
339 3234 474 3313 έξίειδδ
495 3227 593 3315 ούτος
613 3234 702 3315 ές
666 3263 728 3322 την
746 3236 913 3326 Ἐρυθρὴν
931 3238 1122 3309 θάλασσαν.

117 3329 153 3400 τδ
169 3324 218 3399 όν
232 3329 273 3419 δή
288 3345 393 3451 τεῖχος
408 3332 566 3418 ἑκάτερον
580 3331 660 3412 τούς
673 3332 826 3421 όγκωνας
840 3336 923 3414 ές
888 3364 949 3405 τον
969 3336 1124 3426 ποταμόν

115 3429 286 3514 έλήλαται
314 3456 351 3497 το
341 3428 443 3498 δὲ’
424 3430 489 3498 από
503 3433 627 3499 τούτου
647 3460 680 3502 αι
673 3437 883 3521 ἐπικαμπαὶ
903 3462 993 3524 παρα
1013 3450 1123 3526 χεῖλος
