2354 3840
314 229 397 284 ιιο.
430 228 476 282 ιν.
511 227 608 283 οπο.
640 230 813 288 ιτσ-εεο.
1001 219 1061 286 371

10 388 25 415 ·’
63 387 174 476 ἑωυτῷ
190 389 308 452 δοῦναι
325 381 385 451 τὸν
400 386 557 468 τρίποδα,
574 381 729 468 φάμενόν
740 402 800 471 σφι
812 389 866 454 καλ
879 383 940 453 τόν
955 383 1064 469 πόρον

10 488 17 525 ¹
61 484 169 562 δέξειν
189 479 286 551 κάλ’
267 480 440 569 απήμονας
461 478 681 548 ἀποστελέειν
713 483 978 568 πειθομένουδέ
1001 488 1064 548 τοῦ

10 576 203 666 Ἰήσονος
218 577 306 647 οὕτω
322 576 361 666 δή
378 579 438 645 τόν
448 604 484 645 τε
496 581 672 645 διέκπλοον
683 584 751 645 τιόν
762 583 914 666 βραχίων
928 577 1064 647 δεικνύ-

10 686 17 731 ἓ
62 704 118 743 ναι
137 673 198 745 τόν
223 677 373 763 Τρίτωνά
400 698 477 764 σφι,
504 678 559 743 καί
580 672 642 741 τόν
662 679 802 761 τρίποδα
816 686 935 744 θεῖναι
956 678 994 743 έν
1016 680 1063 764 τῷ

10 781 14 827 ³³
61 780 190 842 ἑωυτοῦ
211 780 272 864 ίρῷ
288 773 549 845 ἐπιθεσπίσαντά
562 799 598 840 τε
619 799 664 862 τη]
650 778 810 861 τρίποδι
827 779 881 843 καὶ
895 788 981 844 τοισι
998 771 1063 843 σύν

57 870 179 960 Ἰήσονι
195 872 388 961 σημήναντα
402 870 462 941 τὸν
477 872 586 939 πάντα
601 869 765 956 λόγον,
744 898 787 950 ως
802 869 952 939 ἐπεάν
917 899 978 941 τον
992 879 1064 960 τρί-
1091 942 1094 947 ,

61 974 150 1038 ποδα
163 978 337 1056 κομίσηται
351 979 420 1038 τῶν
433 997 482 1050 τις
496 969 647 1056 ἐκγόνων
660 976 728 1037 τάν
750 973 787 1037 ἐν
800 977 840 1058 τῇ
853 969 966 1058 Ἀργοῖ
977 989 1065 1055 συμ-

62 1067 262 1154 πλωόντων,
285 1069 360 1137 τότε
381 1067 500 1138 έκατὸν
530 1066 627 1146 πόλις
653 1073 786 1155 οίκήσαι
809 1072 885 1155 περὶ
906 1066 967 1155 τήν
985 1076 1065 1155 Τρι-

63 1170 186 1232 τωνίδα
203 1173 324 1254 λίμνην
338 1165 530 1255 Ἑλληνίδας
544 1173 648 1233 πᾶσαι
670 1164 754 1234 εἶναι
769 1162 930 1253 ἀνάγκην.
959 1172 1063 1232 ταῦτα

63 1260 271 1342 ἀκούσαντας
293 1265 371 1343 τούς
393 1268 588 1357 ἐπιχωρίους
608 1271 677 1331 τῶν
696 1263 835 1350 Λιβύων
856 1263 983 1351 κρύψαι
1003 1259 1063 1328 τὸν

62 1364 210 1444 τρίποδα.

153 1457 291 1525 Τούτων
305 1457 342 1525 δὲ
359 1463 488 1544 ἔχονται
503 1464 571 1524 τῶν
586 1457 759 1544 Μαχλύων
773 1456 890 1526 Αύσέ
893 1485 941 1537 ες
970 1449 1064 1525 οὗτοι
1082 1476 1132 1532 180

66 1557 102 1622 δὲ
122 1558 177 1622 καὶ
196 1561 231 1622 οί
248 1557 407 1642 Μάχλυες
429 1553 575 1639 πέριξ
539 1582 602 1643 την
626 1562 809 1678 Τριτωνίδα
832 1562 954 1644 λίμνην
976 1559 1064 1624 οίκέ-

10 1686 19 1713 -.·
22 1671 157 1736 ουσι,
185 1650 222 1718 τό
244 1657 347 1738 μέσον
372 1656 410 1718 δέ
429 1672 490 1736 σφι
510 1651 667 1739 ούρίζει
653 1679 671 1720 o
692 1660 756 1741 Τρί
753 1680 829 1721 των.
863 1656 977 1722 καλοί
963 1655 1064 1738 ίμέν

10 1766 20 1804 ²·
64 1749 223 1868 Μάχλυες
239 1776 279 1816 τα
268 1746 399 1818 ὀπίσω
414 1753 572 1836 κομέουσι
586 1758 644 1836 τῆς
658 1757 821 1837 κεφαλῆς,
838 1757 873 1818 οί
886 1755 923 1819 δὲ
937 1749 1064 1830 Αὐσέες

10 1867 102 1914 ττα
91 1844 336 1932 ἔμπροσθε
323 1854 403 1935 ορτή
425 1849 461 1914 δὲ
477 1851 628 1932 ἐνιαυσίη
645 1843 823 1964 Ἀθηναίης
843 1873 864 1912 α
865 1849 1063 1934 ίπαρθένοι

10 1966 26 2003 t
63 1944 176 2014 αύτων
197 1949 269 2032 δίχα
287 1950 460 2013 διαστᾶσαι
484 1945 645 2030 μάχονται
666 1941 749 2029 πρὸς
773 1939 917 2031 άλλήλας
938 1950 1068 2013 λίθοισί

10 2060 27 2099 ⁵
62 2069 99 2111 τε
121 2045 176 2111 καλ
197 2042 343 2129 ξύλοισι,
364 2051 404 2130 τή
425 2040 593 2127 αύτιγενέι·
610 2047 681 2130 θεῷ
701 2044 857 2126 λέγουσαι
878 2040 918 2109 τά
939 2042 1063 2125 πάτρια

10 2160 26 2198 ³
63 2137 271 2225 ἀποτελέειν,
291 2137 354 2225 τήν
369 2137 553 2226 Ἀθηναίην
574 2141 743 2224 καλέομεν.
777 2135 835 2216 τάς
857 2140 893 2207 δέ
910 2137 1067 2224 άποθνη-

10 2252 25 2293 f
62 2235 210 2316 σκούσας
222 2243 290 2304 τῶν
304 2241 487 2325 παρθένων
500 2239 537 2301 ἐκ
551 2242 619 2300 τῶν
630 2233 813 2320 τρωμάτων
828 2239 1065 2320 ψευδοπαρθέ-
1083 2285 1086 2290 -

11 2332 21 2391 ί
61 2359 146 2406 νους
171 2335 336 2398 καλέουσι.
371 2335 451 2418 πρὶν
472 2327 505 2396 δ’
531 2327 661 2399 ἀνεῖναι
677 2327 780 2407 αὐτάς
799 2331 966 2416 μάχεσθαι
985 2330 1065 2398 τάδε

10 2441 15 2475 ¹
62 2434 212 2497 ποιεῦσι·
235 2435 333 2516 κοινῇ
347 2432 521 2516 παρθένον
535 2424 597 2513 τήν
611 2426 896 2494 καλλιστεύουσαν
911 2428 1065 2495 ἑκάστοτε

61 2525 289 2611 κοσμήσαντες
300 2531 404 2614 κυνέη
415 2551 450 2592 τε
460 2533 629 2614 Κορινθίη
646 2527 699 2593 καὶ
713 2534 881 2612 πανοπλίη
890 2523 1065 2612 Ἑλληνικῇ

61 2625 119 2692 καὶ
146 2621 198 2690 ἐπ’
226 2621 315 2711 άρμα
341 2622 605 2711 ἀναβιβάσαντες
630 2623 828 2710 περιάγουσι
854 2620 916 2708 τήν
943 2630 1065 2707 λίμνην

61 2719 185 2810 κύκλφ.
219 2716 341 2788 ὁτέοισι
365 2721 402 2788 δέ
419 2717 458 2788 ’τό
482 2721 585 2788 πάλαι
604 2719 765 2804 ἐκόσμεον
791 2716 850 2797 τὰς
871 2721 1064 2805 παρθένους

61 2822 142 2903 πρὶν
154 2817 178 2906 ή
192 2838 253 2904 σφι
260 2817 421 2907 Ἕλληνας
434 2827 714 2907 παροικισθῆναι,
730 2815 792 2886 ούκ
806 2823 869 2904 ἔχω
887 2817 985 2904 εἶπαι,
1005 2824 1063 2885 δο-

10 2950 12 2959 ·
62 2921 128 2988 κέω
143 2915 174 2986 δ’
195 2912 250 2987 άνΙ
258 2926 471 3005 Αἰγυπτίοισι
486 2919 619 2988 ὅπλοισι
634 2921 836 3004 κοσμέεσθαι
852 2914 971 2994 αύτάς·
996 2915 1060 2984 άπό

10 3068 12 3073 -
59 3015 127 3104 γάρ
141 3017 317 3103 Αίγύπτον
332 3019 387 3084 καὶ
400 3015 461 3103 τήν
476 3015 598 3084 άσπίδα
616 3019 671 3084 καὶ
684 3013 722 3082 τὸ
738 3014 862 3100 κράνος
883 3017 968 3101 φημὶ
985 3013 1063 3081 άπῑ-

10 3154 18 3167 -
60 3124 141 3196 χθαι
163 3117 195 3192 ές
210 3112 290 3192 τούς
305 3111 473 3198 Ἕλληνας.
501 3111 564 3198 τήν
584 3114 620 3181 δέ
637 3111 820 3199 Ἀθηναίην
841 3113 922 3197 φασὶ
939 3117 1062 3177 Ποσει-

10 3246 21 3283 ;
60 3206 186 3290 δέωνος
200 3211 285 3279 εἶναι
298 3217 470 3298 θυγατέρα
485 3216 540 3280 καὶ
560 3220 617 3298 τῆς
636 3215 836 3299 Τριτωνίδος
851 3215 986 3295 λίμνης,
1008 3215 1067 3274 καί

10 3346 22 3385 ς
60 3333 121 3393 μιν
135 3309 350 3395 μεμφθεῖσάν
362 3335 394 3376 τι
408 3314 454 3399 τῷ
469 3314 568 3396 πατρὶ
583 3314 703 3377 δοῦναι
714 3304 843 3394 ἑωυτήν
852 3315 898 3397 τῷ
910 3305 985 3392 Διί,
1001 3302 1062 3372 τόν

10 3442 24 3483 ς
61 3404 98 3471 δέ
119 3411 189 3474 Δία
208 3410 336 3474 έωυτού
354 3433 415 3494 μιν
435 3409 644 3494 ποιήσασθαι
662 3409 847 3494 θυγατέρα.
877 3429 985 3546 ζοζυμα
1003 3400 1062 3481 ὼ
