<?xml version="1.0" encoding="UTF-8"?>
<!DOCTYPE html PUBLIC "-//W3C//DTD XHTML 1.0 Transitional//EN"
    "http://www.w3.org/TR/xhtml1/DTD/xhtml1-transitional.dtd">
<html xmlns="http://www.w3.org/1999/xhtml" xml:lang="en" lang="en">
 <head>
  <title>
</title>
<meta http-equiv="Content-Type" content="text/html;charset=utf-8" />
  <meta name='ocr-system' content='tesseract 3.04.00' />
  <meta name='ocr-capabilities' content='ocr_page ocr_carea ocr_par ocr_line ocrx_word'/>
</head>
<body>
  <div class='ocr_page' id='page_1' title='image "./herodotihistori03herogoog_0250.png"; bbox 0 0 2354 3840; ppageno 0'>
   <div class='ocr_carea' id='block_1_1' title="bbox 348 189 1077 261">
    <p class='ocr_par' dir='ltr' id='par_1_1' title="bbox 348 189 1077 261">
     <span class='ocr_line' id='line_1_1' title="bbox 348 189 1077 261; baseline 0.021 -15"><span class='ocrx_word' id='word_1_1' title='bbox 348 189 434 246; x_wconf 77' lang='grc' dir='ltr'><strong><em>τιο.</em></strong></span> <span class='ocrx_word' id='word_1_2' title='bbox 458 191 502 247; x_wconf 87' lang='lat'>111.</span> <span class='ocrx_word' id='word_1_3' title='bbox 535 192 633 250; x_wconf 81' lang='grc' dir='ltr'><strong><em>οΑΡ.</em></strong></span> <span class='ocrx_word' id='word_1_4' title='bbox 654 198 797 254; x_wconf 77' lang='grc' dir='ltr'><strong><em>εο-υε.</em></strong></span> <span class='ocrx_word' id='word_1_5' title='bbox 1013 196 1077 261; x_wconf 75' lang='lat'><strong><em>225</em></strong></span> 
     </span>
    </p>
   </div>
   <div class='ocr_carea' id='block_1_2' title="bbox 13 347 1176 3467">
    <p class='ocr_par' dir='ltr' id='par_1_2' title="bbox 65 347 1096 534">
     <span class='ocr_line' id='line_1_2' title="bbox 66 347 1075 440; baseline 0.012 -28"><span class='ocrx_word' id='word_1_6' title='bbox 66 345 378 465; x_wconf 73' lang='grc' dir='ltr'><strong><em>δλστρατευόμενος</em></strong></span> <span class='ocrx_word' id='word_1_7' title='bbox 390 348 520 431; x_wconf 81' lang='grc' dir='ltr'><strong><em>ἐγένετο</em></strong></span> <span class='ocrx_word' id='word_1_8' title='bbox 532 348 719 436; x_wconf 83' lang='grc' dir='ltr'><strong><em>ἐνΘήβησι,</em></strong></span> <span class='ocrx_word' id='word_1_9' title='bbox 731 348 1075 440; x_wconf 84' lang='grc' dir='ltr'><strong><em>ἀπέκρινετοῦστρα-</em></strong></span> 
     </span>
     <span class='ocr_line' id='line_1_3' title="bbox 65 440 1096 534; baseline 0.009 -24"><span class='ocrx_word' id='word_1_10' title='bbox 65 448 127 511; x_wconf 82' lang='grc' dir='ltr'><strong><em>τοῦ</em></strong></span> <span class='ocrx_word' id='word_1_11' title='bbox 149 440 194 521; x_wconf 74' lang='grc' dir='ltr'><strong><em>ὡς</em></strong></span> <span class='ocrx_word' id='word_1_12' title='bbox 215 445 315 511; x_wconf 87' lang='grc' dir='ltr'><strong><em>πέντε</em></strong></span> <span class='ocrx_word' id='word_1_13' title='bbox 339 442 524 530; x_wconf 88' lang='grc' dir='ltr'><strong><em>μυριάδας,</em></strong></span> <span class='ocrx_word' id='word_1_14' title='bbox 546 445 602 512; x_wconf 82' lang='grc' dir='ltr'><strong><em>καί</em></strong></span> <span class='ocrx_word' id='word_1_15' title='bbox 626 445 775 514; x_wconf 89' lang='grc' dir='ltr'><strong><em>τούτοισι</em></strong></span> <span class='ocrx_word' id='word_1_16' title='bbox 799 448 862 534; x_wconf 72' lang='grc' dir='ltr'><strong><em>μὲν</em></strong></span> <span class='ocrx_word' id='word_1_17' title='bbox 888 451 1096 519; x_wconf 71' lang='grc' dir='ltr'><strong><em>ἐνετέλλετο.</em></strong></span> 
     </span>
    </p>

    <p class='ocr_par' dir='ltr' id='par_1_3' title="bbox 13 530 1176 1809">
     <span class='ocr_line' id='line_1_4' title="bbox 13 530 1074 665; baseline 0.011 -60"><span class='ocrx_word' id='word_1_18' title='bbox 13 552 21 561; x_wconf 91' lang='grc'><strong>“</strong></span> <span class='ocrx_word' id='word_1_19' title='bbox 67 545 270 657; x_wconf 81' lang='grc' dir='ltr'><strong><em>Αμμωνίονς</em></strong></span> <span class='ocrx_word' id='word_1_20' title='bbox 283 530 721 629; x_wconf 80' lang='grc' dir='ltr'><strong><em>έξανδραποδισαμένόυς</em></strong></span> <span class='ocrx_word' id='word_1_21' title='bbox 687 570 724 612; x_wconf 93' lang='grc' dir='ltr'><strong><em>το</em></strong></span> <span class='ocrx_word' id='word_1_22' title='bbox 739 547 942 665; x_wconf 80' lang='grc' dir='ltr'><strong><em>χρηστήριον</em></strong></span> <span class='ocrx_word' id='word_1_23' title='bbox 956 545 994 616; x_wconf 88' lang='grc' dir='ltr'>τὸ</span> <span class='ocrx_word' id='word_1_24' title='bbox 1012 555 1074 616; x_wconf 82' lang='grc' dir='ltr'><strong><em>τού</em></strong></span> 
     </span>
     <span class='ocr_line' id='line_1_5' title="bbox 64 635 1176 760; baseline 0.013 -55"><span class='ocrx_word' id='word_1_25' title='bbox 64 635 150 717; x_wconf 85' lang='grc' dir='ltr'><strong><em>Διὸς</em></strong></span> <span class='ocrx_word' id='word_1_26' title='bbox 164 641 346 757; x_wconf 81' lang='grc' dir='ltr'><strong><em>ἐμπρῆσαι,</em></strong></span> <span class='ocrx_word' id='word_1_27' title='bbox 369 636 469 719; x_wconf 87' lang='grc' dir='ltr'><strong><em>αύτός</em></strong></span> <span class='ocrx_word' id='word_1_28' title='bbox 485 637 576 707; x_wconf 76' lang='grc' dir='ltr'><strong><em>δέ</em></strong></span> <span class='ocrx_word' id='word_1_29' title='bbox 541 665 602 708; x_wconf 91' lang='grc' dir='ltr'><strong><em>τον</em></strong></span> <span class='ocrx_word' id='word_1_30' title='bbox 599 638 780 735; x_wconf 77' lang='grc' dir='ltr'><strong><em>λοιπόν”</em></strong></span> <span class='ocrx_word' id='word_1_31' title='bbox 756 669 850 760; x_wconf 85' lang='grc' dir='ltr'><strong><em>αγων</em></strong></span> <span class='ocrx_word' id='word_1_32' title='bbox 864 645 1008 734; x_wconf 83' lang='grc' dir='ltr'><strong><em>στρατόν</em></strong></span> <span class='ocrx_word' id='word_1_33' title='bbox 1020 645 1090 736; x_wconf 77' lang='grc' dir='ltr'><strong><em>ἤιε·</em></strong></span> <span class='ocrx_word' id='word_1_34' title='bbox 1173 715 1176 721; x_wconf 92' lang='grc'>,</span> 
     </span>
     <span class='ocr_line' id='line_1_6' title="bbox 63 730 1074 865; baseline 0.01 -62"><span class='ocrx_word' id='word_1_35' title='bbox 63 736 117 803; x_wconf 76' lang='grc' dir='ltr'><strong><em>ἐπί</em></strong></span> <span class='ocrx_word' id='word_1_36' title='bbox 129 730 211 813; x_wconf 79' lang='grc' dir='ltr'><strong><em>τούς</em></strong></span> <span class='ocrx_word' id='word_1_37' title='bbox 224 738 401 814; x_wconf 85' lang='grc' dir='ltr'><strong><em>Αίθίοιιας.</em></strong></span> <span class='ocrx_word' id='word_1_38' title='bbox 431 739 512 821; x_wconf 79' lang='grc' dir='ltr'><strong><em>πρὶν</em></strong></span> <span class='ocrx_word' id='word_1_39' title='bbox 527 736 564 805; x_wconf 73' lang='grc' dir='ltr'><strong><em>δὲ</em></strong></span> <span class='ocrx_word' id='word_1_40' title='bbox 583 745 642 825; x_wconf 82' lang='grc' dir='ltr'><strong><em>τῆς</em></strong></span> <span class='ocrx_word' id='word_1_41' title='bbox 655 735 787 806; x_wconf 81' lang='grc' dir='ltr'><strong><em>ὁδοῦ</em></strong></span> <span class='ocrx_word' id='word_1_42' title='bbox 752 764 790 806; x_wconf 92' lang='grc' dir='ltr'><strong><em>το</em></strong></span> <span class='ocrx_word' id='word_1_43' title='bbox 808 744 959 865; x_wconf 82' lang='grc' dir='ltr'><strong><em>πέμπτρν</em></strong></span> <span class='ocrx_word' id='word_1_44' title='bbox 973 747 1074 830; x_wconf 80' lang='grc' dir='ltr'><em>μέρος</em></span> 
     </span>
     <span class='ocr_line' id='line_1_7' title="bbox 63 831 1062 958; baseline 0.009 -57"><span class='ocrx_word' id='word_1_45' title='bbox 63 831 355 920; x_wconf 72' lang='grc' dir='ltr'><strong><em>διεληλυθέναι</em></strong></span> <span class='ocrx_word' id='word_1_46' title='bbox 318 859 381 922; x_wconf 92' lang='grc' dir='ltr'><strong><em>την</em></strong></span> <span class='ocrx_word' id='word_1_47' title='bbox 395 833 555 924; x_wconf 73' lang='grc' dir='ltr'><strong><em>στρατιὴν</em></strong></span> <span class='ocrx_word' id='word_1_48' title='bbox 571 833 691 906; x_wconf 84' lang='grc' dir='ltr'><strong><em>αότίκα</em></strong></span> <span class='ocrx_word' id='word_1_49' title='bbox 704 836 815 958; x_wconf 77' lang='grc' dir='ltr'><strong><em>πάρτα</em></strong></span> <span class='ocrx_word' id='word_1_50' title='bbox 830 837 954 921; x_wconf 82' lang='grc' dir='ltr'><strong><em>αύτούς</em></strong></span> <span class='ocrx_word' id='word_1_51' title='bbox 968 868 1009 910; x_wconf 91' lang='grc' dir='ltr'><strong><em>τα</em></strong></span> <span class='ocrx_word' id='word_1_52' title='bbox 997 839 1062 910; x_wconf 76' lang='grc' dir='ltr'><strong><em>εδ</em></strong></span> 
     </span>
     <span class='ocr_line' id='line_1_8' title="bbox 61 932 1072 1022; baseline 0.011 -22"><span class='ocrx_word' id='word_1_53' title='bbox 61 957 124 1020; x_wconf 92' lang='grc' dir='ltr'><strong><em>χον</em></strong></span> <span class='ocrx_word' id='word_1_54' title='bbox 144 938 260 1001; x_wconf 90' lang='grc' dir='ltr'><strong><em>σιτίων</em></strong></span> <span class='ocrx_word' id='word_1_55' title='bbox 280 933 422 1020; x_wconf 84' lang='grc' dir='ltr'><strong><em>έχόμενα</em></strong></span> <span class='ocrx_word' id='word_1_56' title='bbox 442 937 667 1020; x_wconf 83' lang='grc' dir='ltr'><strong><em>ἐπελελοίπεε,</em></strong></span> <span class='ocrx_word' id='word_1_57' title='bbox 689 932 771 1022; x_wconf 84' lang='grc' dir='ltr'><strong><em>μετά</em></strong></span> <span class='ocrx_word' id='word_1_58' title='bbox 791 936 885 1006; x_wconf 73' lang='grc' dir='ltr'><strong><em>δέ</em></strong></span> <span class='ocrx_word' id='word_1_59' title='bbox 848 963 889 1007; x_wconf 91' lang='grc' dir='ltr'><strong><em>τα</em></strong></span> <span class='ocrx_word' id='word_1_60' title='bbox 909 948 997 1010; x_wconf 82' lang='grc' dir='ltr'><strong><em>σιτία</em></strong></span> <span class='ocrx_word' id='word_1_61' title='bbox 1017 942 1072 1010; x_wconf 74' lang='grc' dir='ltr'><strong><em>καί</em></strong></span> 
     </span>
     <span class='ocr_line' id='line_1_9' title="bbox 60 1030 1072 1126; baseline 0.008 -26"><span class='ocrx_word' id='word_1_62' title='bbox 60 1030 102 1101; x_wconf 86' lang='grc' dir='ltr'><strong><em>τά</em></strong></span> <span class='ocrx_word' id='word_1_63' title='bbox 117 1030 285 1120; x_wconf 69' lang='grc' dir='ltr'><strong><em>ὑποζύγια</em></strong></span> <span class='ocrx_word' id='word_1_64' title='bbox 299 1035 433 1103; x_wconf 84' lang='grc' dir='ltr'><strong><em>ἐπέλιπε</em></strong></span> <span class='ocrx_word' id='word_1_65' title='bbox 455 1033 710 1120; x_wconf 71' lang='grc' dir='ltr'><strong><em>κατεσθιόμενα.</em></strong></span> <span class='ocrx_word' id='word_1_66' title='bbox 735 1040 766 1102; x_wconf 87' lang='grc' dir='ltr'><strong><em>εί</em></strong></span> <span class='ocrx_word' id='word_1_67' title='bbox 783 1040 846 1121; x_wconf 89' lang='grc' dir='ltr'><strong><em>μέν</em></strong></span> <span class='ocrx_word' id='word_1_68' title='bbox 866 1063 932 1106; x_wconf 92' lang='grc' dir='ltr'><strong><em>νον</em></strong></span> <span class='ocrx_word' id='word_1_69' title='bbox 948 1037 1072 1126; x_wconf 75' lang='grc' dir='ltr'><strong><em>μαθων</em></strong></span> 
     </span>
     <span class='ocr_line' id='line_1_10' title="bbox 60 1126 1071 1220; baseline 0.007 -23"><span class='ocrx_word' id='word_1_70' title='bbox 60 1136 167 1198; x_wconf 77' lang='grc' dir='ltr'><strong><em>ταῦτα</em></strong></span> <span class='ocrx_word' id='word_1_71' title='bbox 191 1126 210 1198; x_wconf 89' lang='lat'>6</span> <span class='ocrx_word' id='word_1_72' title='bbox 228 1130 414 1217; x_wconf 87' lang='grc' dir='ltr'><strong><em>Καμβύσης</em></strong></span> <span class='ocrx_word' id='word_1_73' title='bbox 434 1129 657 1218; x_wconf 77' lang='grc' dir='ltr'><strong><em>ἐγνωσιμάχεε</em></strong></span> <span class='ocrx_word' id='word_1_74' title='bbox 676 1132 733 1199; x_wconf 80' lang='grc' dir='ltr'><strong><em>καὶ</em></strong></span> <span class='ocrx_word' id='word_1_75' title='bbox 757 1128 865 1220; x_wconf 83' lang='grc' dir='ltr'><strong><em>ἀπῆγε</em></strong></span> <span class='ocrx_word' id='word_1_76' title='bbox 884 1131 990 1205; x_wconf 88' lang='grc' dir='ltr'><strong><em>ὀπίσω</em></strong></span> <span class='ocrx_word' id='word_1_77' title='bbox 1011 1135 1071 1204; x_wconf 85' lang='grc' dir='ltr'><strong><em>τὸν</em></strong></span> 
     </span>
     <span class='ocr_line' id='line_1_11' title="bbox 60 1224 1070 1320; baseline 0.004 -24"><span class='ocrx_word' id='word_1_78' title='bbox 60 1225 217 1315; x_wconf 79' lang='grc' dir='ltr'><strong><em>στρατόν,</em></strong></span> <span class='ocrx_word' id='word_1_79' title='bbox 233 1230 288 1296; x_wconf 81' lang='grc' dir='ltr'><strong><em>έπλ</em></strong></span> <span class='ocrx_word' id='word_1_80' title='bbox 298 1234 338 1316; x_wconf 80' lang='grc' dir='ltr'><strong><em>τῇ</em></strong></span> <span class='ocrx_word' id='word_1_81' title='bbox 350 1224 500 1316; x_wconf 76' lang='grc' dir='ltr'><strong><em>ἀρχῆθεν</em></strong></span> <span class='ocrx_word' id='word_1_82' title='bbox 513 1231 679 1317; x_wconf 84' lang='grc' dir='ltr'><strong><em>γενομένη</em></strong></span> <span class='ocrx_word' id='word_1_83' title='bbox 693 1224 859 1315; x_wconf 75' lang='grc' dir='ltr'><strong><em>ἁμαρτάδι</em></strong></span> <span class='ocrx_word' id='word_1_84' title='bbox 873 1225 918 1318; x_wconf 81' lang='grc' dir='ltr'><strong><em>ἦν</em></strong></span> <span class='ocrx_word' id='word_1_85' title='bbox 929 1228 973 1300; x_wconf 89' lang='grc' dir='ltr'><strong><em>ἀν</em></strong></span> <span class='ocrx_word' id='word_1_86' title='bbox 984 1231 1070 1320; x_wconf 75' lang='grc' dir='ltr'><strong><em>ἀνὴρ</em></strong></span> 
     </span>
     <span class='ocr_line' id='line_1_12' title="bbox 60 1323 1166 1415; baseline 0.004 -19"><span class='ocrx_word' id='word_1_87' title='bbox 60 1326 185 1415; x_wconf 83' lang='grc' dir='ltr'><strong><em>σοφός,</em></strong></span> <span class='ocrx_word' id='word_1_88' title='bbox 208 1333 274 1394; x_wconf 85' lang='grc' dir='ltr'><strong><em>νύν</em></strong></span> <span class='ocrx_word' id='word_1_89' title='bbox 295 1328 332 1394; x_wconf 74' lang='grc' dir='ltr'><strong><em>δέ</em></strong></span> <span class='ocrx_word' id='word_1_90' title='bbox 353 1323 478 1395; x_wconf 87' lang='grc' dir='ltr'><strong><em>ούδένα</em></strong></span> <span class='ocrx_word' id='word_1_91' title='bbox 494 1327 597 1413; x_wconf 90' lang='grc' dir='ltr'><strong><em>λόγου</em></strong></span> <span class='ocrx_word' id='word_1_92' title='bbox 617 1324 818 1410; x_wconf 83' lang='grc' dir='ltr'><strong><em>ποιεύμενος</em></strong></span> <span class='ocrx_word' id='word_1_93' title='bbox 836 1327 889 1415; x_wconf 78' lang='grc' dir='ltr'><strong><em>ἤιε</em></strong></span> <span class='ocrx_word' id='word_1_94' title='bbox 904 1334 968 1399; x_wconf 85' lang='grc' dir='ltr'><strong><em>αίεὶ</em></strong></span> <span class='ocrx_word' id='word_1_95' title='bbox 983 1334 1016 1409; x_wconf 87' lang='grc' dir='ltr'><strong><em>ές</em></strong></span> <span class='ocrx_word' id='word_1_96' title='bbox 1031 1329 1069 1399; x_wconf 83' lang='grc' dir='ltr'><strong><em>τὸ</em></strong></span> <span class='ocrx_word' id='word_1_97' title='bbox 1163 1404 1166 1410; x_wconf 66' lang='grc'><strong><em>,</em></strong></span> 
     </span>
     <span class='ocr_line' id='line_1_13' title="bbox 60 1423 1070 1516; baseline 0.002 -22"><span class='ocrx_word' id='word_1_98' title='bbox 60 1424 187 1509; x_wconf 89' lang='grc' dir='ltr'><strong><em>πρόσω.</em></strong></span> <span class='ocrx_word' id='word_1_99' title='bbox 218 1428 253 1493; x_wconf 82' lang='lat' dir='ltr'><strong><em>oc</em></strong></span> <span class='ocrx_word' id='word_1_100' title='bbox 271 1423 309 1492; x_wconf 73' lang='grc' dir='ltr'><strong><em>δὲ</em></strong></span> <span class='ocrx_word' id='word_1_101' title='bbox 332 1431 530 1510; x_wconf 80' lang='grc' dir='ltr'><strong><em>στρατιῶται</em></strong></span> <span class='ocrx_word' id='word_1_102' title='bbox 551 1426 613 1503; x_wconf 79' lang='grc' dir='ltr'><strong><em>ἕως</em></strong></span> <span class='ocrx_word' id='word_1_103' title='bbox 633 1425 697 1510; x_wconf 86' lang='grc' dir='ltr'><strong><em>μέν</em></strong></span> <span class='ocrx_word' id='word_1_104' title='bbox 718 1449 750 1492; x_wconf 92' lang='grc' dir='ltr'><strong><em>τι</em></strong></span> <span class='ocrx_word' id='word_1_105' title='bbox 773 1423 862 1512; x_wconf 78' lang='grc' dir='ltr'><strong><em>εἶχον</em></strong></span> <span class='ocrx_word' id='word_1_106' title='bbox 882 1430 919 1496; x_wconf 84' lang='grc' dir='ltr'><strong><em>ἐκ</em></strong></span> <span class='ocrx_word' id='word_1_107' title='bbox 935 1435 993 1515; x_wconf 77' lang='grc' dir='ltr'><strong><em>τῆς</em></strong></span> <span class='ocrx_word' id='word_1_108' title='bbox 1009 1435 1070 1516; x_wconf 79' lang='grc' dir='ltr'><strong><em>γῆς</em></strong></span> 
     </span>
     <span class='ocr_line' id='line_1_14' title="bbox 59 1522 1069 1614; baseline 0.002 -21"><span class='ocrx_word' id='word_1_109' title='bbox 59 1522 257 1612; x_wconf 73' lang='grc' dir='ltr'><strong><em>λαμβάνειν,</em></strong></span> <span class='ocrx_word' id='word_1_110' title='bbox 272 1525 537 1608; x_wconf 76' lang='grc' dir='ltr'><strong><em>ποιηφαγέοντες</em></strong></span> <span class='ocrx_word' id='word_1_111' title='bbox 550 1523 698 1608; x_wconf 77' lang='grc' dir='ltr'><strong><em>διέζωον,</em></strong></span> <span class='ocrx_word' id='word_1_112' title='bbox 714 1525 785 1592; x_wconf 78' lang='grc' dir='ltr'><strong><em>ἐπεὶ</em></strong></span> <span class='ocrx_word' id='word_1_113' title='bbox 800 1526 836 1593; x_wconf 74' lang='grc' dir='ltr'><strong><em>δέ</em></strong></span> <span class='ocrx_word' id='word_1_114' title='bbox 851 1528 885 1606; x_wconf 88' lang='grc' dir='ltr'><strong><em>ές</em></strong></span> <span class='ocrx_word' id='word_1_115' title='bbox 900 1524 963 1614; x_wconf 76' lang='grc' dir='ltr'><strong><em>τὴν</em></strong></span> <span class='ocrx_word' id='word_1_116' title='bbox 976 1526 1069 1613; x_wconf 77' lang='grc' dir='ltr'><strong><em>ψάμ·</em></strong></span> 
     </span>
     <span class='ocr_line' id='line_1_15' title="bbox 60 1617 1069 1711; baseline 0.004 -21"><span class='ocrx_word' id='word_1_117' title='bbox 60 1648 127 1710; x_wconf 94' lang='grc' dir='ltr'><strong><em>μον</em></strong></span> <span class='ocrx_word' id='word_1_118' title='bbox 141 1619 319 1707; x_wconf 78' lang='grc' dir='ltr'><strong><em>ἀπίκοντο,</em></strong></span> <span class='ocrx_word' id='word_1_119' title='bbox 335 1617 450 1690; x_wconf 83' lang='grc' dir='ltr'><strong><em>δεινόν</em></strong></span> <span class='ocrx_word' id='word_1_120' title='bbox 465 1627 566 1707; x_wconf 78' lang='grc' dir='ltr'><strong><em>ἔργον</em></strong></span> <span class='ocrx_word' id='word_1_121' title='bbox 581 1617 694 1688; x_wconf 78' lang='grc' dir='ltr'><strong><em>αὐτῶν</em></strong></span> <span class='ocrx_word' id='word_1_122' title='bbox 706 1646 795 1702; x_wconf 88' lang='grc' dir='ltr'><strong><em>τινες</em></strong></span> <span class='ocrx_word' id='word_1_123' title='bbox 809 1623 1010 1711; x_wconf 74' lang='grc' dir='ltr'><strong><em>ἐργάσαντο·</em></strong></span> <span class='ocrx_word' id='word_1_124' title='bbox 1032 1629 1069 1694; x_wconf 83' lang='grc' dir='ltr'><strong><em>ἐκ</em></strong></span> 
     </span>
     <span class='ocr_line' id='line_1_16' title="bbox 58 1716 1068 1807; baseline 0.004 -18"><span class='ocrx_word' id='word_1_125' title='bbox 58 1721 201 1799; x_wconf 84' lang='grc' dir='ltr'><strong><em>δεκάδος</em></strong></span> <span class='ocrx_word' id='word_1_126' title='bbox 220 1716 287 1807; x_wconf 83' lang='grc' dir='ltr'><strong><em>γάρ</em></strong></span> <span class='ocrx_word' id='word_1_127' title='bbox 303 1722 364 1787; x_wconf 71' lang='grc' dir='ltr'><strong><em>ἕνα</em></strong></span> <span class='ocrx_word' id='word_1_128' title='bbox 384 1723 499 1806; x_wconf 88' lang='grc' dir='ltr'><strong><em>σφέων</em></strong></span> <span class='ocrx_word' id='word_1_129' title='bbox 519 1717 632 1788; x_wconf 76' lang='grc' dir='ltr'><strong><em>αὐτῶν</em></strong></span> <span class='ocrx_word' id='word_1_130' title='bbox 652 1718 951 1807; x_wconf 71' lang='grc' dir='ltr'><strong><em>ἀποκληρώσαντες</em></strong></span> <span class='ocrx_word' id='word_1_131' title='bbox 971 1727 1068 1793; x_wconf 87' lang='grc' dir='ltr'><strong><em>κατέ·</em></strong></span> 
     </span>
    </p>

    <p class='ocr_par' dir='ltr' id='par_1_4' title="bbox 26 1814 1069 2294">
     <span class='ocr_line' id='line_1_17' title="bbox 26 1814 1069 1907; baseline 0.002 -21"><span class='ocrx_word' id='word_1_132' title='bbox 26 1861 35 1870; x_wconf 85' lang='grc'>-</span> <span class='ocrx_word' id='word_1_133' title='bbox 58 1842 181 1906; x_wconf 84' lang='grc' dir='ltr'><strong><em>φαγου.</em></strong></span> <span class='ocrx_word' id='word_1_134' title='bbox 208 1816 404 1904; x_wconf 85' lang='grc' dir='ltr'><strong><em>πυθόμενος</em></strong></span> <span class='ocrx_word' id='word_1_135' title='bbox 424 1820 461 1884; x_wconf 74' lang='grc' dir='ltr'><strong><em>δὲ</em></strong></span> <span class='ocrx_word' id='word_1_136' title='bbox 481 1822 585 1884; x_wconf 80' lang='grc' dir='ltr'><strong><em>ταῦτα</em></strong></span> <span class='ocrx_word' id='word_1_137' title='bbox 606 1814 625 1884; x_wconf 91' lang='lat'>6</span> <span class='ocrx_word' id='word_1_138' title='bbox 646 1818 847 1904; x_wconf 81' lang='grc' dir='ltr'><strong><em>Καμβύσης,</em></strong></span> <span class='ocrx_word' id='word_1_139' title='bbox 871 1822 982 1898; x_wconf 86' lang='grc' dir='ltr'><strong><em>δείσας</em></strong></span> <span class='ocrx_word' id='word_1_140' title='bbox 1005 1818 1069 1907; x_wconf 75' lang='grc' dir='ltr'><strong><em>τὴν</em></strong></span> 
     </span>
     <span class='ocr_line' id='line_1_18' title="bbox 60 1911 1067 2002; baseline -0.001 -17"><span class='ocrx_word' id='word_1_141' title='bbox 60 1912 330 2002; x_wconf 66' lang='grc' dir='ltr'><strong><em>ἀλληλοφαγίην,</em></strong></span> <span class='ocrx_word' id='word_1_142' title='bbox 359 1911 453 1993; x_wconf 76' lang='grc' dir='ltr'><strong><em>ἀπεὶς</em></strong></span> <span class='ocrx_word' id='word_1_143' title='bbox 472 1911 534 1982; x_wconf 82' lang='grc' dir='ltr'><strong><em>τόν</em></strong></span> <span class='ocrx_word' id='word_1_144' title='bbox 554 1911 608 1982; x_wconf 85' lang='grc' dir='ltr'><strong><em>ἐπ’</em></strong></span> <span class='ocrx_word' id='word_1_145' title='bbox 626 1920 795 1993; x_wconf 84' lang='grc' dir='ltr'><strong><em>Αίθίοπας</em></strong></span> <span class='ocrx_word' id='word_1_146' title='bbox 817 1915 939 1984; x_wconf 86' lang='grc' dir='ltr'><strong><em>στόλον</em></strong></span> <span class='ocrx_word' id='word_1_147' title='bbox 961 1914 1067 1986; x_wconf 86' lang='grc' dir='ltr'><strong><em>ὀπίσω</em></strong></span> 
     </span>
     <span class='ocr_line' id='line_1_19' title="bbox 59 2008 1068 2100; baseline 0 -18"><span class='ocrx_word' id='word_1_148' title='bbox 59 2012 257 2100; x_wconf 82' lang='grc' dir='ltr'><strong><em>ἐπορεύετο,</em></strong></span> <span class='ocrx_word' id='word_1_149' title='bbox 280 2014 335 2080; x_wconf 78' lang='grc' dir='ltr'><strong><em>καί</em></strong></span> <span class='ocrx_word' id='word_1_150' title='bbox 355 2009 547 2081; x_wconf 79' lang='grc' dir='ltr'><strong><em>ἀπικνέεται</em></strong></span> <span class='ocrx_word' id='word_1_151' title='bbox 566 2014 600 2088; x_wconf 87' lang='grc' dir='ltr'><strong><em>ἐς</em></strong></span> <span class='ocrx_word' id='word_1_152' title='bbox 614 2008 728 2098; x_wconf 81' lang='grc' dir='ltr'><strong><em>Θήβας</em></strong></span> <span class='ocrx_word' id='word_1_153' title='bbox 742 2009 888 2092; x_wconf 85' lang='grc' dir='ltr'><strong><em>πολλούς</em></strong></span> <span class='ocrx_word' id='word_1_154' title='bbox 902 2011 1068 2094; x_wconf 86' lang='grc' dir='ltr'><strong><em>ἀπολέσας</em></strong></span> 
     </span>
     <span class='ocr_line' id='line_1_20' title="bbox 57 2104 1067 2198; baseline 0.004 -22"><span class='ocrx_word' id='word_1_155' title='bbox 57 2115 119 2177; x_wconf 85' lang='grc' dir='ltr'><strong><em>τού</em></strong></span> <span class='ocrx_word' id='word_1_156' title='bbox 138 2115 292 2196; x_wconf 78' lang='grc' dir='ltr'><strong><em>στρατοῦ.</em></strong></span> <span class='ocrx_word' id='word_1_157' title='bbox 323 2111 361 2177; x_wconf 89' lang='grc' dir='ltr'><strong><em>ἐκ</em></strong></span> <span class='ocrx_word' id='word_1_158' title='bbox 381 2111 521 2196; x_wconf 79' lang='grc' dir='ltr'><strong><em>Θηβέων</em></strong></span> <span class='ocrx_word' id='word_1_159' title='bbox 543 2109 579 2176; x_wconf 76' lang='grc' dir='ltr'><strong><em>δέ</em></strong></span> <span class='ocrx_word' id='word_1_160' title='bbox 600 2104 747 2194; x_wconf 78' lang='grc' dir='ltr'><strong><em>καταβάς</em></strong></span> <span class='ocrx_word' id='word_1_161' title='bbox 767 2110 801 2188; x_wconf 84' lang='grc' dir='ltr'><strong><em>ές</em></strong></span> <span class='ocrx_word' id='word_1_162' title='bbox 823 2112 967 2198; x_wconf 88' lang='grc' dir='ltr'><strong><em>Μέμφιν</em></strong></span> <span class='ocrx_word' id='word_1_163' title='bbox 987 2109 1067 2191; x_wconf 82' lang='grc' dir='ltr'><strong><em>τούς</em></strong></span> 
     </span>
     <span class='ocr_line' id='line_1_21' title="bbox 53 2202 552 2294; baseline -0.004 -19"><span class='ocrx_word' id='word_1_164' title='bbox 53 2205 213 2294; x_wconf 78' lang='grc' dir='ltr'><strong><em>Έλληνας</em></strong></span> <span class='ocrx_word' id='word_1_165' title='bbox 229 2202 336 2293; x_wconf 81' lang='grc' dir='ltr'><strong><em>ἀπῆκε</em></strong></span> <span class='ocrx_word' id='word_1_166' title='bbox 351 2202 552 2274; x_wconf 76' lang='grc' dir='ltr'><strong><em>ἀποπλέειν.</em></strong></span> 
     </span>
    </p>

    <p class='ocr_par' dir='ltr' id='par_1_5' title="bbox 47 2299 1159 3467">
     <span class='ocr_line' id='line_1_22' title="bbox 136 2299 1113 2390; baseline 0.003 -20"><span class='ocrx_word' id='word_1_167' title='bbox 136 2301 173 2370; x_wconf 88' lang='lat'><strong><em>‘0</em></strong></span> <span class='ocrx_word' id='word_1_168' title='bbox 188 2306 250 2389; x_wconf 74' lang='grc' dir='ltr'><strong><em>μέν</em></strong></span> <span class='ocrx_word' id='word_1_169' title='bbox 260 2299 319 2386; x_wconf 43' lang='grc' dir='ltr'><strong><em>,ἐπ’</em></strong></span> <span class='ocrx_word' id='word_1_170' title='bbox 334 2309 503 2381; x_wconf 83' lang='grc' dir='ltr'><strong><em>Αδθίοπας</em></strong></span> <span class='ocrx_word' id='word_1_171' title='bbox 516 2303 634 2381; x_wconf 87' lang='grc' dir='ltr'><strong><em>στόλος</em></strong></span> <span class='ocrx_word' id='word_1_172' title='bbox 651 2300 740 2370; x_wconf 77' lang='grc' dir='ltr'><strong><em>οὕτω</em></strong></span> <span class='ocrx_word' id='word_1_173' title='bbox 754 2306 890 2390; x_wconf 80' lang='grc' dir='ltr'><strong><em>ἔπρηξε,</em></strong></span> <span class='ocrx_word' id='word_1_174' title='bbox 906 2309 940 2371; x_wconf 86' lang='grc' dir='ltr'><strong><em>οί</em></strong></span> <span class='ocrx_word' id='word_1_175' title='bbox 952 2301 985 2371; x_wconf 89' lang='grc' dir='ltr'><strong><em>δ’</em></strong></span> <span class='ocrx_word' id='word_1_176' title='bbox 1001 2303 1065 2372; x_wconf 86' lang='grc' dir='ltr'><strong><em>αύ-</em></strong></span> <span class='ocrx_word' id='word_1_177' title='bbox 1078 2315 1113 2373; x_wconf 69' lang='grc' dir='ltr'><strong><em>λθ</em></strong></span> 
     </span>
     <span class='ocr_line' id='line_1_23' title="bbox 57 2397 1064 2487; baseline -0.001 -18"><span class='ocrx_word' id='word_1_178' title='bbox 57 2406 125 2469; x_wconf 73' lang='grc' dir='ltr'><strong><em>τοῖν</em></strong></span> <span class='ocrx_word' id='word_1_179' title='bbox 146 2397 199 2468; x_wconf 88' lang='grc' dir='ltr'><strong><em>ἐπ’</em></strong></span> <span class='ocrx_word' id='word_1_180' title='bbox 218 2397 425 2487; x_wconf 76' lang='grc' dir='ltr'><strong><em>Ἀμμωνίους</em></strong></span> <span class='ocrx_word' id='word_1_181' title='bbox 444 2397 687 2478; x_wconf 89' lang='grc' dir='ltr'><strong><em>ἀποσταλέντες</em></strong></span> <span class='ocrx_word' id='word_1_182' title='bbox 706 2398 961 2487; x_wconf 83' lang='grc' dir='ltr'><strong><em>στρατεύεσθαι,</em></strong></span> <span class='ocrx_word' id='word_1_183' title='bbox 975 2399 1064 2468; x_wconf 82' lang='grc' dir='ltr'><strong><em>έπεί-</em></strong></span> 
     </span>
     <span class='ocr_line' id='line_1_24' title="bbox 53 2495 1064 2586; baseline -0.001 -21"><span class='ocrx_word' id='word_1_184' title='bbox 53 2523 91 2566; x_wconf 87' lang='grc' dir='ltr'><strong><em>τε</em></strong></span> <span class='ocrx_word' id='word_1_185' title='bbox 106 2495 313 2586; x_wconf 84' lang='grc' dir='ltr'><strong><em>ὁρμηθέντες</em></strong></span> <span class='ocrx_word' id='word_1_186' title='bbox 327 2500 364 2567; x_wconf 91' lang='grc' dir='ltr'><strong><em>ἐκ</em></strong></span> <span class='ocrx_word' id='word_1_187' title='bbox 377 2504 447 2566; x_wconf 75' lang='grc' dir='ltr'><strong><em>τῶν</em></strong></span> <span class='ocrx_word' id='word_1_188' title='bbox 458 2498 598 2585; x_wconf 78' lang='grc' dir='ltr'><strong><em>Θηβέων</em></strong></span> <span class='ocrx_word' id='word_1_189' title='bbox 612 2495 814 2581; x_wconf 80' lang='grc' dir='ltr'><strong><em>ἐπορεύοντο</em></strong></span> <span class='ocrx_word' id='word_1_190' title='bbox 829 2501 959 2582; x_wconf 79' lang='grc' dir='ltr'><strong><em>ἔχοντες</em></strong></span> <span class='ocrx_word' id='word_1_191' title='bbox 973 2495 1064 2582; x_wconf 89' lang='grc' dir='ltr'><strong><em>ἀγω-</em></strong></span> 
     </span>
     <span class='ocr_line' id='line_1_25' title="bbox 52 2590 1063 2683; baseline -0.003 -20"><span class='ocrx_word' id='word_1_192' title='bbox 52 2592 156 2683; x_wconf 81' lang='grc' dir='ltr'><strong><em>γούς,</em></strong></span> <span class='ocrx_word' id='word_1_193' title='bbox 171 2591 370 2683; x_wconf 85' lang='grc' dir='ltr'><strong><em>ἀπικόμενοι</em></strong></span> <span class='ocrx_word' id='word_1_194' title='bbox 385 2597 447 2681; x_wconf 78' lang='grc' dir='ltr'><strong><em>μὲν</em></strong></span> <span class='ocrx_word' id='word_1_195' title='bbox 463 2600 608 2682; x_wconf 84' lang='grc' dir='ltr'><strong><em>φανεροί</em></strong></span> <span class='ocrx_word' id='word_1_196' title='bbox 620 2599 683 2661; x_wconf 89' lang='grc' dir='ltr'><strong><em>είσι</em></strong></span> <span class='ocrx_word' id='word_1_197' title='bbox 694 2594 729 2673; x_wconf 86' lang='grc' dir='ltr'><strong><em>ές</em></strong></span> <span class='ocrx_word' id='word_1_198' title='bbox 736 2590 853 2661; x_wconf 78' lang='grc' dir='ltr'><strong><em>Ὄασιν</em></strong></span> <span class='ocrx_word' id='word_1_199' title='bbox 866 2592 984 2680; x_wconf 90' lang='grc' dir='ltr'><strong><em>πόλιν,</em></strong></span> <span class='ocrx_word' id='word_1_200' title='bbox 1000 2592 1063 2681; x_wconf 76' lang='grc' dir='ltr'><strong><em>τὴν</em></strong></span> 
     </span>
     <span class='ocr_line' id='line_1_26' title="bbox 54 2689 1062 2779; baseline -0.002 -18"><span class='ocrx_word' id='word_1_201' title='bbox 54 2698 169 2778; x_wconf 86' lang='grc' dir='ltr'><strong><em>ἐχουσι</em></strong></span> <span class='ocrx_word' id='word_1_202' title='bbox 194 2692 257 2778; x_wconf 75' lang='grc' dir='ltr'><strong><em>μέν</em></strong></span> <span class='ocrx_word' id='word_1_203' title='bbox 277 2689 403 2778; x_wconf 88' lang='grc' dir='ltr'><strong><em>Σάμιοι</em></strong></span> <span class='ocrx_word' id='word_1_204' title='bbox 427 2699 485 2779; x_wconf 79' lang='grc' dir='ltr'><strong><em>τῆς</em></strong></span> <span class='ocrx_word' id='word_1_205' title='bbox 504 2696 727 2779; x_wconf 74' lang='grc' dir='ltr'><strong><em>Αἰσχριωνίης</em></strong></span> <span class='ocrx_word' id='word_1_206' title='bbox 752 2697 861 2778; x_wconf 83' lang='grc' dir='ltr'><strong><em>φυλῆς</em></strong></span> <span class='ocrx_word' id='word_1_207' title='bbox 885 2692 1062 2779; x_wconf 84' lang='grc' dir='ltr'><strong><em>λεγόμενοι</em></strong></span> 
     </span>
     <span class='ocr_line' id='line_1_27' title="bbox 53 2785 1060 2878; baseline -0.005 -17"><span class='ocrx_word' id='word_1_208' title='bbox 53 2791 157 2876; x_wconf 74' lang='grc' dir='ltr'><strong><em>εἶναι,</em></strong></span> <span class='ocrx_word' id='word_1_209' title='bbox 178 2787 337 2876; x_wconf 83' lang='grc' dir='ltr'><strong><em>ἀπέχουσι</em></strong></span> <span class='ocrx_word' id='word_1_210' title='bbox 354 2791 391 2858; x_wconf 74' lang='grc' dir='ltr'><strong><em>δέ</em></strong></span> <span class='ocrx_word' id='word_1_211' title='bbox 406 2788 487 2858; x_wconf 84' lang='grc' dir='ltr'><strong><em>ἑπτά</em></strong></span> <span class='ocrx_word' id='word_1_212' title='bbox 500 2787 653 2878; x_wconf 79' lang='grc' dir='ltr'><strong><em>ἡμερέων</em></strong></span> <span class='ocrx_word' id='word_1_213' title='bbox 667 2785 751 2857; x_wconf 81' lang='grc' dir='ltr'><strong><em>ὁδόν</em></strong></span> <span class='ocrx_word' id='word_1_214' title='bbox 764 2785 830 2857; x_wconf 77' lang='grc' dir='ltr'><strong><em>ἀπὸ</em></strong></span> <span class='ocrx_word' id='word_1_215' title='bbox 849 2792 988 2877; x_wconf 78' lang='grc' dir='ltr'><strong><em>Θηβέων</em></strong></span> <span class='ocrx_word' id='word_1_216' title='bbox 1005 2787 1060 2858; x_wconf 82' lang='grc' dir='ltr'><strong><em>διά</em></strong></span> 
     </span>
     <span class='ocr_line' id='line_1_28' title="bbox 52 2879 1062 2977; baseline -0.007 -18"><span class='ocrx_word' id='word_1_217' title='bbox 52 2889 212 2977; x_wconf 77' lang='grc' dir='ltr'><strong><em>ψάμμου,</em></strong></span> <span class='ocrx_word' id='word_1_218' title='bbox 234 2887 454 2977; x_wconf 75' lang='grc' dir='ltr'><strong><em>οόνομάζεται</em></strong></span> <span class='ocrx_word' id='word_1_219' title='bbox 469 2888 506 2956; x_wconf 73' lang='grc' dir='ltr'><strong><em>δὲ</em></strong></span> <span class='ocrx_word' id='word_1_220' title='bbox 523 2886 541 2956; x_wconf 92' lang='lat'>6</span> <span class='ocrx_word' id='word_1_221' title='bbox 561 2894 668 2976; x_wconf 77' lang='grc' dir='ltr'><strong><em>χῶρος</em></strong></span> <span class='ocrx_word' id='word_1_222' title='bbox 686 2879 784 2967; x_wconf 81' lang='grc' dir='ltr'><strong><em>οὗτος</em></strong></span> <span class='ocrx_word' id='word_1_223' title='bbox 800 2882 1062 2974; x_wconf 76' lang='grc' dir='ltr'><strong><em>κατάἙλληνων</em></strong></span> 
     </span>
     <span class='ocr_line' id='line_1_29' title="bbox 51 2979 1061 3076; baseline -0.005 -21"><span class='ocrx_word' id='word_1_224' title='bbox 51 2992 210 3075; x_wconf 72' lang='grc' dir='ltr'><strong><em>γλῶσσαν</em></strong></span> <span class='ocrx_word' id='word_1_225' title='bbox 224 2986 403 3076; x_wconf 79' lang='grc' dir='ltr'><strong><em>Μακάρων</em></strong></span> <span class='ocrx_word' id='word_1_226' title='bbox 419 2993 530 3074; x_wconf 82' lang='grc' dir='ltr'><strong><em>νῆσος.</em></strong></span> <span class='ocrx_word' id='word_1_227' title='bbox 559 2988 593 3064; x_wconf 84' lang='grc' dir='ltr'><strong><em>ἐς</em></strong></span> <span class='ocrx_word' id='word_1_228' title='bbox 607 2987 670 3072; x_wconf 71' lang='grc' dir='ltr'><strong><em>μὲν</em></strong></span> <span class='ocrx_word' id='word_1_229' title='bbox 683 2981 724 3071; x_wconf 76' lang='grc' dir='ltr'><strong><em>δὴ</em></strong></span> <span class='ocrx_word' id='word_1_230' title='bbox 740 2990 863 3051; x_wconf 84' lang='grc' dir='ltr'><strong><em>τοῦτον</em></strong></span> <span class='ocrx_word' id='word_1_231' title='bbox 876 2979 937 3050; x_wconf 85' lang='grc' dir='ltr'><strong><em>τὸν</em></strong></span> <span class='ocrx_word' id='word_1_232' title='bbox 949 2987 1061 3068; x_wconf 79' lang='grc' dir='ltr'><strong><em>χῶρον</em></strong></span> 
     </span>
     <span class='ocr_line' id='line_1_30' title="bbox 51 3080 1058 3176; baseline -0.008 -18"><span class='ocrx_word' id='word_1_233' title='bbox 51 3090 183 3174; x_wconf 86' lang='grc' dir='ltr'><strong><em>λέγεται</em></strong></span> <span class='ocrx_word' id='word_1_234' title='bbox 197 3084 379 3157; x_wconf 70' lang='grc' dir='ltr'><strong><em>ἀπικέσθαι</em></strong></span> <span class='ocrx_word' id='word_1_235' title='bbox 393 3086 454 3156; x_wconf 82' lang='grc' dir='ltr'><strong><em>τὸν</em></strong></span> <span class='ocrx_word' id='word_1_236' title='bbox 471 3084 631 3176; x_wconf 81' lang='grc' dir='ltr'><strong><em>στρατὸν,</em></strong></span> <span class='ocrx_word' id='word_1_237' title='bbox 647 3084 684 3155; x_wconf 81' lang='grc' dir='ltr'><strong><em>τὸ</em></strong></span> <span class='ocrx_word' id='word_1_238' title='bbox 700 3087 862 3153; x_wconf 83' lang='grc' dir='ltr'><strong><em>ἐνθεῦτεν</em></strong></span> <span class='ocrx_word' id='word_1_239' title='bbox 876 3082 928 3169; x_wconf 71' lang='grc' dir='ltr'><strong><em>δὲ,</em></strong></span> <span class='ocrx_word' id='word_1_240' title='bbox 945 3080 997 3151; x_wconf 80' lang='grc' dir='ltr'><strong><em>ὅτι</em></strong></span> <span class='ocrx_word' id='word_1_241' title='bbox 1014 3082 1058 3172; x_wconf 67' lang='grc' dir='ltr'><strong><em>μοὶ</em></strong></span> 
     </span>
     <span class='ocr_line' id='line_1_31' title="bbox 50 3176 1044 3271; baseline -0.004 -18"><span class='ocrx_word' id='word_1_242' title='bbox 50 3182 149 3254; x_wconf 80' lang='grc' dir='ltr'><strong><em>αύτοί</em></strong></span> <span class='ocrx_word' id='word_1_243' title='bbox 164 3181 346 3271; x_wconf 73' lang='grc' dir='ltr'><strong><em>Ἀμμώνιοι</em></strong></span> <span class='ocrx_word' id='word_1_244' title='bbox 366 3188 473 3253; x_wconf 78' lang='grc' dir='ltr'><strong><em>καλοί</em></strong></span> <span class='ocrx_word' id='word_1_245' title='bbox 489 3184 620 3253; x_wconf 84' lang='grc' dir='ltr'><strong><em>τούτων</em></strong></span> <span class='ocrx_word' id='word_1_246' title='bbox 637 3181 859 3267; x_wconf 88' lang='grc' dir='ltr'><strong><em>ἀκούσαντες,</em></strong></span> <span class='ocrx_word' id='word_1_247' title='bbox 881 3176 977 3247; x_wconf 80' lang='grc' dir='ltr'><strong><em>ἀλλον</em></strong></span> <span class='ocrx_word' id='word_1_248' title='bbox 999 3179 1044 3249; x_wconf 84' lang='grc' dir='ltr'><strong><em>ού</em></strong></span> 
     </span>
     <span class='ocr_line' id='line_1_32' title="bbox 51 3273 1061 3369; baseline -0.006 -16"><span class='ocrx_word' id='word_1_249' title='bbox 51 3284 146 3360; x_wconf 84' lang='grc' dir='ltr'><strong><em>δένες</em></strong></span> <span class='ocrx_word' id='word_1_250' title='bbox 163 3278 265 3350; x_wconf 73' lang='grc' dir='ltr'><strong><em>οὐδὲν</em></strong></span> <span class='ocrx_word' id='word_1_251' title='bbox 280 3287 392 3368; x_wconf 77' lang='grc' dir='ltr'><strong><em>ἔχουσι</em></strong></span> <span class='ocrx_word' id='word_1_252' title='bbox 404 3287 510 3352; x_wconf 76' lang='grc' dir='ltr'><strong><em>εἰπεῖν</em></strong></span> <span class='ocrx_word' id='word_1_253' title='bbox 522 3283 599 3369; x_wconf 80' lang='grc' dir='ltr'><strong><em>περὶ</em></strong></span> <span class='ocrx_word' id='word_1_254' title='bbox 613 3279 743 3350; x_wconf 77' lang='grc' dir='ltr'><strong><em>αὐτῶν·</em></strong></span> <span class='ocrx_word' id='word_1_255' title='bbox 766 3277 844 3348; x_wconf 85' lang='grc' dir='ltr'><strong><em>ούτε</em></strong></span> <span class='ocrx_word' id='word_1_256' title='bbox 856 3273 922 3365; x_wconf 84' lang='grc' dir='ltr'><strong><em>γάρ</em></strong></span> <span class='ocrx_word' id='word_1_257' title='bbox 934 3279 967 3356; x_wconf 83' lang='grc' dir='ltr'><strong><em>ές</em></strong></span> <span class='ocrx_word' id='word_1_258' title='bbox 981 3277 1061 3360; x_wconf 81' lang='grc' dir='ltr'><strong><em>τούς</em></strong></span> 
     </span>
     <span class='ocr_line' id='line_1_33' title="bbox 47 3376 1159 3467; baseline 0 -19"><span class='ocrx_word' id='word_1_259' title='bbox 47 3377 259 3466; x_wconf 80' lang='grc' dir='ltr'><strong><em>Ἀμμωνίους</em></strong></span> <span class='ocrx_word' id='word_1_260' title='bbox 279 3376 439 3449; x_wconf 87' lang='grc' dir='ltr'><strong><em>ἀπίκοντο</em></strong></span> <span class='ocrx_word' id='word_1_261' title='bbox 465 3379 542 3449; x_wconf 77' lang='grc' dir='ltr'><strong><em>οὔτε</em></strong></span> <span class='ocrx_word' id='word_1_262' title='bbox 570 3378 676 3450; x_wconf 87' lang='grc' dir='ltr'><strong><em>ὀπίσω</em></strong></span> <span class='ocrx_word' id='word_1_263' title='bbox 703 3378 896 3467; x_wconf 85' lang='grc' dir='ltr'><strong><em>ἐνόστησαν.</em></strong></span> <span class='ocrx_word' id='word_1_264' title='bbox 930 3378 1060 3463; x_wconf 85' lang='grc' dir='ltr'><strong><em>λέγεται</em></strong></span> <span class='ocrx_word' id='word_1_265' title='bbox 1149 3392 1159 3431; x_wconf 61' lang='lat' dir='ltr'>s</span> 
     </span>
    </p>
   </div>
   <div class='ocr_carea' id='block_1_3' title="bbox 137 3472 1172 3616">
    <p class='ocr_par' dir='ltr' id='par_1_6' title="bbox 137 3472 1172 3616">
     <span class='ocr_line' id='line_1_34' title="bbox 137 3472 1172 3616; baseline -0.007 -86"><span class='ocrx_word' id='word_1_266' title='bbox 137 3487 240 3559; x_wconf 59' lang='grc' dir='ltr'><strong><em>αιτιοι,</em></strong></span> <span class='ocrx_word' id='word_1_267' title='bbox 256 3472 277 3527; x_wconf 88' lang='lat'><strong><em>1.</em></strong></span> <span class='ocrx_word' id='word_1_268' title='bbox 721 3487 728 3499; x_wconf 92' lang='lat'><em>·</em></span> <span class='ocrx_word' id='word_1_269' title='bbox 894 3477 927 3530; x_wconf 83' lang='grc' dir='ltr'><strong><em>ιι</em></strong></span> <span class='ocrx_word' id='word_1_270' title='bbox 947 3492 1126 3616; x_wconf 61' lang='grc' dir='ltr'><strong>Α</strong></span> <span class='ocrx_word' id='word_1_271' title='bbox 1169 3518 1172 3523; x_wconf 85' lang='grc'><strong><em>.</em></strong></span> 
     </span>
    </p>
   </div>
   <div class='ocr_carea' id='block_1_4' title="bbox 0 0 1182 3840">
    <p class='ocr_par' dir='ltr' id='par_1_7' title="bbox 0 0 1182 3840">
     <span class='ocr_line' id='line_1_35' title="bbox 0 0 1182 3840; baseline 0 4"><span class='ocrx_word' id='word_1_272' title='bbox 0 0 1182 3840; x_wconf 95' lang='lat' dir='ltr'><strong><em> </em></strong></span> 
     </span>
    </p>
   </div>
  </div>
 </body>
</html>
