2354 3840
133 178 194 242 186
505 184 759 241 HERODOTI

62 419 65 423 ⁸
131 339 350 428 μνημόσυνον
374 344 508 427 ἑωυτῆς.
545 347 603 427 τῆς
627 334 677 409 τόν
703 343 844 429 δεκάτης
863 352 933 412 τῶν
957 345 1132 432 χρημάτων

130 440 337 525 ποιησαμένη
370 435 510 525 ὀβελούς
539 439 735 525 βουπόρους
769 441 917 523 πολλούς
947 447 1132 531 σιδηρέους,

130 533 211 603 ὅσον
227 537 386 622 ἐνεχώρεε
405 533 426 622 ἡ
443 535 564 621 δεκάτη
581 540 628 622 ολ,
654 534 831 625 ἀπέπεμπε
847 542 881 619 ἐς
900 540 1087 628 Δελφούς·4
1104 546 1134 608 οἳ

129 637 184 702 καὶ
204 641 270 701 νῦν
291 638 339 701 ἔτι
360 635 578 700 συννενέαται
599 632 723 703 ὄπισθε
746 640 809 722 μέν
829 645 890 705 τοῦ
911 644 1049 725 βωμοῦ,
1076 633 1146 705 τόν.

129 745 204 804 Χῖοι
221 732 407 820 ἀνέθεσαν,
436 731 554 802 ἀντίον
575 736 612 802 δὲ
633 733 740 804 αὐτοῦ
754 745 817 805 τοῦ
836 745 931 824 νηοῦ.
979 743 1131 824 φιλέουσι

128 834 167 899 δέ
179 857 245 909 κως
268 833 306 899 ἐν
320 837 360 919 τῆ
374 832 551 918 Ναυκράτι
573 833 791 919 ἐπαφρόδιτοι
812 840 968 919 γίνεσθαι
990 839 1028 903 σέ
1048 837 1134 903 ἑταί-

127 954 199 1014 ραι·
229 935 328 996 τοῦτο
348 928 411 1014 μέν
430 927 495 1016 γάρ
511 929 614 1016 αὕτη,
642 937 700 1016 τῆς
720 935 796 1014 πέρι
813 935 942 1017 λέγεται
959 930 1019 1001 ὅδε
1038 931 1059 1002 ὁ
1075 933 1131 1003 λό·

124 1056 201 1115 γος,
234 1027 322 1096 οὕτω
349 1027 391 1115 δῆ
416 1054 447 1095 τι
472 1025 583 1113 κλεινῆ
616 1026 761 1112 ἐγένετο,
794 1023 840 1105 ὥς
865 1024 922 1092 καλ
953 1022 1078 1105 πάντες
1102 1027 1134 1093 οἱ

117 1128 274 1216 Ἕλληνες
294 1125 470 1207 Ῥοδώπιος
487 1123 636 1215 τούνομα
654 1128 836 1214 ἐξέμαθον,
860 1128 959 1193 τοῦτο
977 1123 1017 1193 δέ
1032 1122 1132 1195 ὅστε·

126 1253 188 1312 ρον
207 1227 330 1312 ταύτης
350 1233 389 1314 τῆ
411 1222 542 1312 ούνομα
563 1221 609 1312 ῆν
627 1223 792 1312 Ἀρχιδίκη
807 1222 959 1311 ἀοίδιμος
980 1222 1048 1293 ἀνά
1071 1224 1130 1313 τῆν

119 1324 260 1394 Ἑλλάδα
276 1326 425 1410 ἐγένετο,
454 1327 554 1391 ἕσσον
568 1325 605 1392 δέ
625 1331 683 1410 τῆς
700 1327 812 1410 ἑτέρης
825 1323 1128 1411 περιλεσχήνευτος.

125 1423 277 1508 Χάραξος
291 1421 329 1489 δὲ
345 1420 389 1500 ὡς
404 1421 592 1506 λυσάμενος
608 1418 770 1488 Ῥοδῶπιν
780 1417 989 1505 ἀπενόστησε
1002 1422 1037 1499 ἐς
1052 1428 1129 1488 Mv·

125 1520 282 1606 τιλήνην,
315 1522 352 1585 ἐν
371 1521 464 1604 μέλει·
481 1515 615 1604 Σαπφά
638 1516 746 1588 πολλὰ
770 1518 1039 1606 κατεκερτόμησέ
1063 1546 1128 1605 μιν,

119 1615 297 1694 Ῥοδύπιος
314 1617 377 1701 μέν
390 1642 457 1682 υνν
471 1617 547 1702 πέρι
562 1617 741 1700 πέπαυμαι.

59 1732 109 1787 136
208 1712 305 1783 Μετά
329 1718 365 1783 δὲ
386 1724 585 1802 Μυκερῖνον
605 1717 765 1800 γενέσθαι
786 1714 964 1800 Αίγύπτον
990 1719 1129 1799 βασιλέα

124 1822 239 1901 ἔλεγον
253 1816 287 1880 oc
299 1816 385 1899 ίρέες
397 1812 584 1899 Ἄσυχιν,
610 1810 671 1880 τὸν
685 1809 725 1879 τά
741 1809 826 1900 πρός
840 1809 937 1899 ἥλιον
951 1808 1131 1899 ἀνίσχοντα

50 1906 53 1911 ’
122 1922 260 2001 ποιῆσαι
274 1918 320 2002 τῷ
335 1909 506 2002 Ἡφαίστῳ
521 1909 732 1998 προπύλαια,
754 1908 853 2003 ἐόντα
868 1917 981 1998 πολλῷ
995 1935 1032 1978 τε
1049 1908 1130 1977 κάλ-

123 2023 218 2082 λιστα
240 2012 296 2078 καὶ
314 2015 428 2099 πολλῷ
449 2011 595 2095 μέγιστα.
636 2013 701 2093 έχει
721 2006 784 2093 μέν
805 2005 870 2096 γάρ
892 2011 948 2077 καὶ
962 2006 1004 2077 τά
1020 2011 1129 2078 πάντα

123 2108 316 2196 προπύλαια
336 2106 464 2184 τύπους
487 2131 523 2173 τε
544 2106 833 2191 ἐγγεγλυμμένους
852 2109 908 2175 καὶ
928 2104 1036 2193 ἀλλην
1049 2105 1131 2190 όψιν

124 2205 401 2292 οἰκοδομημάτων
421 2211 563 2291 μυρίην,
592 2206 703 2271 ἐκεῖνα
719 2205 755 2270 δέ
776 2206 832 2272 καλ
845 2211 962 2297 μακρῷ
975 2205 1128 2293 μάλιστα.

123 2308 176 2375 ἐπὶ
189 2301 570 2392 τούτουβασιλεύοντος
584 2308 701 2388 ἔλεγον
715 2299 845 2389 ἀμιξίης
865 2302 986 2390 ἐούσης
1006 2299 1131 2388 πολλῆς

121 2402 301 2491 χρημάτων
319 2405 481 2489 γενέσθαι
501 2401 610 2487 νόμον
630 2407 859 2488 Αἰγυπτίοισι,
881 2400 1129 2471 ἀποδεικνύντα

122 2503 281 2587 ἐνέχυρον
308 2507 370 2568 τού
395 2497 521 2587 πατρὸς
544 2497 606 2568 τόν
629 2501 734 2567 νέκυν
759 2497 849 2567 οότω
875 2501 1064 2589 λαμβάνειν
1091 2497 1129 2570 τό

121 2603 230 2686 χρέος·
254 2606 483 2686 προστεθῆναι
505 2598 541 2666 δέ
562 2604 609 2667 ἐτι
623 2597 732 2690 τούτῳ
753 2602 799 2688 τῷ
820 2598 914 2690 νόμῳ
929 2599 1048 2684 τόνδε,
1069 2598 1130 2667 τόν

121 2694 259 2764 διδόντα
278 2693 314 2763 τό
336 2701 432 2780 χρέος
453 2699 509 2765 καλ
531 2696 662 2785 ἀπάσης
676 2700 830 2784 κρατέειν
850 2705 907 2786 τῆς
921 2706 984 2766 τού
996 2699 1130 2786 λαμβά-

120 2817 239 2871 νοντος
262 2790 392 2879 θήκης,
422 2800 468 2880 τῷ
494 2794 531 2862 δὲ
555 2794 754 2863 ὑποτιθέντι
780 2802 881 2864 τούτο
904 2795 942 2863 τό
967 2800 1127 2885 ἐνέχυρον

118 2893 219 2984 τήνδε
253 2898 381 2965 ἐπεῖναι
412 2899 531 2983 ζημίην
563 2893 608 2981 μῆ
640 2896 836 2988 βουλομέυμ
868 2893 1058 2966 ἀποδούνεα
1087 2897 1127 2969 τό

120 2997 233 3086 χρέος,
260 2993 336 3086 μη’τ’
364 2991 458 3088 αύτῷ
482 2994 716 3082 τελευτήσαντι
740 2993 828 3064 εἶναι
851 3001 959 3083 ταφῆς
983 3001 1131 3086 κυρῆσαι

119 3091 195 3182 μήτ’
221 3096 258 3159 έν
275 3095 391 3183 ἐκείνην
404 3100 452 3183 τῷ
467 3098 623 3183 πατρωίῳ
636 3090 733 3186 τόφραΙ
747 3089 825 3180 μήτ’
841 3096 880 3162 ἐν
893 3091 983 3185 ἀλλην
996 3097 1127 3184 μηδενὶ,

118 3188 195 3279 μήτ’
218 3188 322 3257 ἀλλον
341 3193 471 3275 μηδένα
490 3199 559 3259 τόν
576 3194 704 3259 ἑαυτοῦ
724 3189 979 3278 ἀπογενόμενον
998 3194 1126 3276 θάψαι·

61 3192 369 3608 wunsam
391 3289 427 3358 δὲ
447 3291 659 3378 βουλόμενον
678 3297 801 3358 τούτου
815 3287 877 3358 τόν
893 3295 1032 3378 βασιλέα
1047 3290 1129 3371 τούς

105 3384 109 3391 '
221 3410 284 3474 ρον
298 3388 427 3454 ἑαυτοῦ
447 3391 603 3474 βασιλέας
622 3391 828 3475 γευομένους
848 3389 1025 3473 Αἰγύπτου
1039 3416 1129 3478 μνη-
