2354 3840
239 191 322 249 ΗΒ.
355 193 401 248 lv.
436 192 534 254 cAP.
570 201 709 258 71-73.
911 199 974 265 325

38 349 123 430 τες),
144 347 275 415 τούτων
296 343 344 416 ἀν
364 356 432 418 τῶν
456 350 625 437 διηκόνων
644 356 746 424 ἐπεάν
767 355 974 441 ἀποπνιἙωσι

38 443 179 530 τήκοντα
207 450 304 516 καλ”
289 470 411 528 ιππονς
435 446 515 529 τούς
546 455 823 536 καλλιστεύοντας
849 459 974 547 πεντή-

38 571 91 631 τα,
106 545 327 625 έξελόντες’
286 554 398 616 αντῶν
410 544 473 636 τήν
487 557 617 636 κοιλίην
628 556 683 621 καλ
694 553 903 642 καθήραντες
914 560 974 644 έμ-

38 643 168 715 πλάσι’
148 648 284 767 αχύρων
295 644 350 717 καὶ
360 648 607 735 συρράπτουσι·
626 648 745 733 ἁψῖδος
758 648 828 722 w
806 677 960 740 ήμισνπ
921 658 960 724 ἐπ
961 658 974 724 λ

59 745 143 825 ξύλα
164 746 344 869 στήσαντες
368 745 490 816 ὕπτιον
512 751 568 816 καλ
589 747 627 816 τὸ
654 751 769 838 ἕτερον
788 749 892 840 ήμισυ
916 761 973 840 τής

38 849 91 923 λος
116 842 217 913 έπ’“
196 872 291 930 ετερα
317 847 397 934 δύο,
424 848 670 934 καταπήξαντες
694 849 807 942 τρόπῳ
831 851 973 942 τοιούτῳ

38 944 77 1015 λά
95 952 215 1033 ταῦτα,
239 953 367 1016 ἔπειτεν
388 955 456 1016 τῶν
471 951 583 1016 ἵππων
603 949 686 1018 κατὰ
703 948 744 1019 τά
761 950 868 1042 μήκεα
889 955 972 1034 ξύλα

38 1048 75 1113 έα
96 1047 308 1125 διελάσαντες
333 1047 428 1133 μέχρι
453 1053 521 1114 τῶν
540 1047 714 1134 τραχήλων
733 1047 973 1139 ἀναβιβάζουσι

38 1142 95 1224 ούς
111 1148 164 1215 έπλ
181 1143 240 1226 τάς
255 1143 391 1228 ἁψῖδας·
414 1152 482 1213 τῶν
497 1146 532 1214 66
554 1151 590 1214 αλ
602 1148 665 1232 μὲν
681 1147 842 1236 πρότεραι
856 1147 972 1232 ἀψῖδες

38 1264 132 1331 χονσι
149 1242 228 1323 τούς
250 1242 361 1329 ύμους
381 1251 448 1311 τῶν
469 1247 598 1330 ἵππων,
620 1249 657 1312 αλ
677 1247 713 1336 δέ
736 1243 857 1313 ὄπισθε
881 1247 972 1330 παρὰ

38 1375 50 1427 3
70 1344 198 1434 μηρούς
219 1345 278 1426 τάς
297 1347 458 1434 γαστέρας
478 1344 774 1433 ὑπολαμβάνουσι·
796 1349 913 1417 σκέλεα
936 1350 973 1416 66

38 1447 145 1533 ιότερα
159 1450 402 1535 κατακρέμαται
417 1450 580 1534 μετέωρα·
601 1445 760 1533 χαλινούς
774 1451 810 1516 δὲ
824 1450 880 1516 καλ
893 1447 973 1517 στύ-

38 1544 277 1634 έμβαλόντεςές
287 1544 366 1624 τούς
376 1549 500 1623 ἵππους
510 1552 741 1612 κατατείνουσι
749 1546 781 1622 ές
792 1543 829 1613 τὸ
840 1545 973 1634 πρόσθε

38 1650 101 1729 ῶν,
118 1647 173 1711 καλ
187 1649 316 1711 ἔπειτεν
327 1646 363 1710 ἐκ
374 1644 557 1711 πασσάλων
569 1646 690 1711 δέουσι
715 1643 829 1711 τῶνδὲ
840 1642 973 1730 θήνεή-

38 1766 98 1809 ιων
112 1747 180 1809 τῶν
195 1739 498 1829 ἀποπεπνιγμένων
512 1769 580 1808 των
594 1741 802 1829 πεντήκοντα
819 1744 878 1810 ἕνα
893 1745 972 1810 ἕκα-

38 1865 51 1904 ν
74 1829 312 1945 ἀναβιβάζουσι
334 1837 440 1907 ἐπὶ
407 1867 467 1906 τον
487 1843 592 1908 ιππον
613 1833 678 1908 ὦδε
697 1837 969 1927 ἀναβιβάζοντες

38 1937 73 2006 'w
88 1941 211 2027 νεκροῦ
226 1941 367 2008 ἑκάστου
382 1939 472 2027 παρὰ
488 1937 550 2028 τήν
567 1938 724 2008 ἀκανθαν
744 1939 846 2019 ξύλον
861 1935 970 2026 ὀρθὰν

38 2032 143 2104 ἀσωσι
165 2039 259 2123 μέχρι
276 2042 337 2104 τού
359 2036 544 2124 τραχήλου,
568 2035 720 2104 κάτωθεν
742 2034 896 2124 ὑπερέχει
911 2040 972 2104 τού

38 2162 72 2202 ιν
103 2135 243 2210 τούτου,
275 2134 313 2202 τὸ
339 2138 371 2210 ἐς
400 2135 525 2221 τόρμον
555 2134 742 2223 πηγνύουσι
770 2141 830 2205 τοῦ
860 2135 974 2224 ἑτέρου

38 2262 75 2304 νυ
96 2242 157 2302 τοῦ
177 2234 233 2303 διὰ
256 2243 316 2303 τοῦ
340 2240 455 2304 ἵππου.
490 2236 722 2323 ἐπιστήσαντες
743 2236 780 2303 66
801 2233 915 2326 κύκλῳ
931 2231 968 2299 τὸ

38 2362 59 2402 α
79 2336 198 2413 ἱππέας
213 2335 387 2414 τοιούτους
407 2333 644 2404 ἀπελαύνουσι.
692 2331 792 2401 Ούτω
808 2334 871 2418 μὲν
888 2328 969 2408 εωλς
984 2345 1019 2403 23

38 2436 125 2511 ιλέας
134 2432 320 2522 θάπτουσι,
332 2433 411 2513 τούς
423 2434 458 2502 δὲ
470 2433 592 2511 ἀλλους
603 2432 755 2517 Σκύθας,
771 2429 873 2498 έπεάν
884 2427 972 2498 ἀπο-

38 2550 121 2615 ’ωσι,
155 2532 354 2618 περιάγουσι
380 2537 414 2601 οἱ
441 2531 611 2617 ἀγχοτάτω
636 2528 861 2616 προσήκοντες
885 2523 969 2595 κατὰ

38 2659 49 2710 ς
63 2638 182 2716 φίλους
193 2634 231 2700 ἐν
242 2629 384 2722 ἁμάξῃσι
400 2634 591 2719 κειμένους,
606 2637 674 2698 τῶν
689 2631 725 2697 δέ
736 2633 872 2706 ἕκαστος
883 2624 971 2694 ὑπο-

38 2730 149 2816 λμενος
164 2729 297 2818 εὐωχέει
311 2729 390 2816 τούς
405 2734 604 2817 ἑπομένους,
625 2732 680 2798 καὶ
697 2735 744 2820 τῷ
758 2732 867 2815 νεκρῷ
881 2725 971 2792 πάν-

50 2840 233 2914 παρατιθελ
245 2838 313 2898 τῶν
326 2835 380 2899 καλ
395 2845 481 2899 τοῖσι
496 2828 643 2898 ἀλλοισι·
665 2825 790 2917 ἡμέρας
807 2827 843 2894 δέ
856 2843 971 2892 τεσσε-

38 2954 116 2994 οντα
129 2928 217 2996 οὕτω
226 2935 259 2998 oc
263 2934 391 2998 λιλιωται
398 2953 626 3016 περιαγονται,
635 2933 764 2995 ἔπειτεν
770 2923 968 2993 θαπτονται

38 3029 188 3107 αντεςδλ
196 3023 868 3115 ολΣκύθαικαθαίρονταιτρόπωτοιωδε·
884 3040 971 3108 σμη-

39 3149 109 3192 ενοι
122 3122 181 3203 τάς
194 3122 342 3210 κεφαλὰς
356 3127 411 3193 καλ
428 3122 673 3210 ἐκπλυνάμενοι
694 3125 827 3189 ποιεῦσι
840 3113 965 3204 περὶ
931 3140 968 3182 το

38 3248 63 3288 α
77 3221 175 3289 τάδε
197 3219 299 3288 ἐπεάν
315 3222 397 3302 ξύλα
414 3222 560 3308 στήσωσι
577 3226 651 3306 τρία
666 3221 699 3298 ές
716 3215 842 3302 ἀλληλα
856 3222 970 3283 κεκλι-

38 3344 52 3383 α
60 3319 168 3404 ,περὶ
182 3325 285 3387 ταῦτα
299 3327 417 3398 πίλους
435 3344 450 3386 ε
451 3321 598 3405 ρινέους
618 3321 860 3412 περιτείνουσι,
882 3329 959 3394 συμ

38 3413 157 3494 ξαντες
173 3412 252 3481 δὲ
230 3441 274 3493 ως
295 3415 437 3502 μάλιστα
458 3423 577 3494 λλθους
599 3417 635 3483 ἐκ
658 3410 765 3499 πυρὸς
787 3410 971 3497 διαφανέας
983 3414 1044 3616 3'
