2354 3840
122 175 185 240 152
493 181 738 242 HERODOTI

121 334 261 414 τούτους
275 343 335 405 τοῦ
349 341 474 403 Νείλου
489 336 570 418 φασί
591 332 693 418 εἶναι,
715 339 849 404 καὶτῶν
870 333 1026 423 ὀρνίθων
1038 336 1110 416 τοίας

111 431 361 517 χηναλώπεκας.

76 542 110 598 73
194 526 285 596 Ἔστι
310 527 346 593 δὲ
361 529 416 593 καί
434 523 532 603 άλλος
552 523 644 608 ὅρνις
665 526 751 611 ίρός,
773 532 819 615 τῷ
839 525 969 612 ούυομα
988 530 1106 610 φοίνιξ.

121 621 184 708 ἐγώ
198 625 259 713 μέν
274 649 332 708 μιν
345 621 406 691 ούκ
421 622 510 691 εἶδον
534 629 564 691 εί
586 621 629 709 μὴ
652 623 733 691 ὅσον
754 631 882 713 γραφή·
913 623 1052 710 καὶγὰρ
1068 619 1106 711 δή

121 722 175 785 καὶ
189 716 328 795 σπάνιος
341 721 493 807 ἐπιφοιτᾷ
507 737 566 804 σφι
582 717 626 785 δι’
644 721 760 804 ἐτέων,
775 715 944 797 ὦςἩλίου
956 724 1105 805 πολιῆται

120 816 270 898 λέγουσι,
291 821 524 882 πεντακοσίων.
553 819 674 898 φοιτᾶν
688 814 724 880 δὲ
741 813 815 881 τότε
835 817 933 900 φασί,
955 811 1059 885 ἐπεάν
1077 812 1105 883 ot

120 906 275 994 άποθάνη
302 904 320 977 ’ὁ
345 908 460 995 πατήρ.
493 915 560 976 ἐστι
584 909 637 992 δὲ,
665 914 695 975 εί
716 915 756 995 τῇ
779 916 893 997 γραφῇ
915 909 1102 995 παρόμοιος,

119 1005 255 1073 τοσάσδε
270 1008 324 1072 καί
337 1004 481 1073 τοιόσδε·
503 1000 542 1071 τά
557 1007 617 1088 μέν
629 999 732 1070 αὐτοῦ
744 1002 936 1090 χρυσόκομα
945 1009 1016 1071 τῶν
1032 1026 1103 1071 ατε·

120 1109 206 1187 ρων,
226 1099 266 1169 τά
293 1104 329 1168 δὲ
352 1100 489 1188 ἐρυθρά.
523 1103 555 1177 ἐς
571 1096 612 1166 τά
633 1100 773 1186 μάλιστα
794 1105 890 1188 αἰετῷ
909 1099 1100 1186 περιήγησιτ

120 1194 309 1282 ὁμοιότατος
325 1200 378 1264 καὶ
398 1194 434 1264 τὸ
450 1198 596 1282 μέγαθος
626 1203 745 1263 τοῦτον
759 1196 795 1262 δὲ
809 1197 943 1280 λέγουσι
959 1200 1099 1282 μηχανᾶ-

119 1305 199 1362 σθαι
223 1293 316 1378 τάδε,
345 1296 419 1377 ἐμολ
439 1294 501 1376 μέν
527 1289 569 1359 ού
592 1288 690 1360 πιστά
710 1296 876 1376 λέγοντες,
905 1291 938 1369 ἐξ
955 1286 1100 1377 Ἀραβίης

120 1389 323 1476 ὁρμεόμενον
339 1389 371 1465 ἐς
384 1385 420 1455 τὸ
436 1378 511 1472 ίρόν
531 1393 591 1455 τοῦ
613 1386 727 1455 Ἡλίου
741 1392 884 1473 κομίζειν
902 1383 964 1454 τὸν
983 1388 1098 1469 πατέρα

72 1552 74 1556 ,
120 1490 156 1554 ἐν
170 1485 300 1571 σμύρνῃ
315 1482 558 1569 ἐμπλάσσοντα,
580 1487 634 1551 καὶ
647 1482 790 1551 θάπτειν
805 1485 841 1549 ἐν
856 1488 917 1550 τοῦ
931 1480 1048 1550 Ἡλίου
1059 1488 1096 1572 τῷ

120 1587 189 1673 ίρῷ,
211 1584 354 1664 κομίζειν
369 1579 405 1646 δὲ
420 1577 522 1646 οὕτω·
543 1586 675 1664 πρῶτον
687 1584 743 1663 τῆς
757 1577 904 1668 σμύρνης
918 1575 987 1668 ᾠὸν
1000 1578 1096 1645 πλάσ-

120 1697 207 1761 σειν,
230 1673 310 1744 ὅσον
328 1700 364 1742 τε
384 1674 524 1752 δυνατός
538 1677 606 1741 ἐστι
621 1673 750 1759 φέρειν,
773 1671 852 1759 μετά
869 1674 905 1740 δέ
925 1681 1096 1759 πειρᾶσθαι

119 1772 198 1843 αὐτὸ
217 1775 396 1857 φορέοντα,
418 1767 517 1839 ἐπεάν
532 1770 568 1836 δὲ
584 1767 808 1856 ἀποπειρηθῇ,
830 1767 917 1835 οὕτω
932 1765 973 1855 δή
991 1766 1097 1853 κοιλή·

118 1897 220 1939 ναντα
237 1866 273 1936 τά
290 1866 357 1956 ᾠὸν
371 1865 430 1933 τὸν
443 1870 565 1953 πατέρα
580 1867 613 1943 ἐς
627 1862 707 1932 αύτὸ
722 1867 904 1949 ἐντιθέναι,
919 1862 1053 1952 σμύρνη
1065 1862 1096 1930 θλ

118 1965 200 2053 άλλη
215 1962 413 2050 ἐμπλάσσειν
429 1968 541 2046 τοῦτο,
566 1959 637 2028 κατ’
660 1958 681 2027 ὅ
699 1986 730 2028 τι
749 1966 809 2027 τοῦ
825 1956 893 2049 ςόοῦ
910 1959 1098 2047 ἐγκοιλήνας

119 2066 256 2144 ἐνέθηκε
269 2057 328 2130 τὸν
343 2061 475 2141 πατέρα,
491 2060 680 2141 ἐγκειμένου
694 2056 731 2123 δέ
740 2062 801 2124 τοῦ
814 2053 937 2142 πατρὸς
949 2062 1097 2142 γίνεσθαι

117 2152 222 2224 τώυτὸ
234 2153 351 2239 βάρος,
374 2151 582 2236 ἐμπλάσαντα
594 2153 630 2220 δὲ
643 2158 787 2237 κομίζειν
797 2178 855 2237 μιν
866 2149 918 2218 ἐπ’
930 2154 1097 2238 Αἰγύπτου

119 2254 151 2328 ἐς
166 2254 227 2315 τοῦ
243 2246 356 2315 Ἡλίου
371 2243 407 2314 τὸ
424 2247 505 2333 ίρόν.
539 2255 642 2315 ταῦτα
655 2250 717 2333 μὲν
729 2255 847 2314 τοῦτον
863 2246 922 2315 τὸν
939 2247 1036 2335 ὄρνιν
1048 2250 1094 2318 λέ-

116 2363 214 2431 γονσι
228 2346 361 2410 ποιέειν.
376 2363 379 2368 ·

69 2465 103 2520 γη
199 2444 274 2508 Εἰσί
294 2443 329 2507 δὲ
349 2442 424 2527 περὶ
437 2439 548 2526 Θήβας
568 2442 633 2529 ίροὶ
658 2438 767 2525 ὄφιες,
788 2438 981 2528 ἀνθρώπων
1002 2440 1098 2510 odoa-

116 2545 184 2623 μῶς
198 2535 388 2622 δηλήμονες,
401 2544 435 2604 ολ·
443 2535 585 2623 μεγάθεϊ
596 2535 705 2614 ἐόντες
716 2537 847 2623 σμικροὶ
858 2536 920 2606 δύο
930 2542 1031 2623 κέρεα
1040 2560 1097 2624 φο·

116 2636 229 2716 ρέουσι
250 2631 420 2715 πεφυκότα
437 2634 469 2708 ἐξ
490 2629 594 2716 άκρης
608 2638 666 2717 τῆς
689 2637 849 2717 κεφαλῆς,
870 2629 948 2710 τούς
971 2629 1098 2701 άποθα·

115 2725 234 2802 νύκτας
243 2723 411 2791 θάπτουσι
422 2727 458 2790 έν
467 2731 512 2812 τῷ
524 2729 584 2814 ίρρῖ
594 2733 655 2793 τοῦ
664 2725 763 2804 Διός·
785 2726 908 2793 τούτου
921 2727 988 2813 γάρ
1001 2749 1099 2815 σφεας

115 2827 175 2887 τοῦ
187 2824 273 2886 θεοῦ
288 2820 369 2902 φασί
386 2815 468 2884 εἶναι
482 2819 583 2904 ίρούς.

67 2945 100 3002 η,
186 2912 277 2980 ’Ἐστι
300 2912 335 2978 δὲ
358 2919 462 2999 χῶρος
482 2920 538 2999 τῆς
554 2912 705 3001 Ἀραβίης
727 2913 809 2982 κατά
828 2925 983 2987 Βουτοῦν
1006 2918 1100 2987 πόλιν

114 3007 254 3097 μάλιστά
268 3034 310 3095 κη
324 3012 540 3093 κείμενοςκαὶ
556 3013 588 3088 ἐς
601 3017 700 3077 τοῦτο
713 3009 748 3077 τὰ
764 3017 886 3100 χωρίον
896 3007 1008 3100 ἦλθον
1017 3038 1100 3083 πυν-

113 3106 300 3190 θανόμενος
314 3110 388 3191 περὶ
409 3114 475 3174 τῶν
495 3114 672 3195 πτερωτῶν
693 3105 809 3193 ὀφίων.
844 3106 1045 3197 ἀπικόμενος
1066 3107 1100 3177 δέ

114 3197 202 3269 εἶδον
228 3199 322 3270 ὀστέα
348 3200 455 3287 ὀφίων
479 3208 534 3272 καί
558 3203 710 3282 άκάνθας
730 3202 854 3289 πλήθεϊ
872 3206 934 3288 μὲν
955 3202 1098 3273 ἀθάνατα

114 3295 361 3385 ἀπηγήσασθαι,
376 3302 476 3379 σωροὶ
491 3303 526 3365 δὲ
543 3295 626 3385 ἦσαν
641 3298 817 3367 άκανθέων
829 3299 883 3366 καὶ
897 3298 1036 3385 μεγάλοι
1048 3300 1100 3366 καί
