2354 3840
310 213 396 271 LIB.
429 217 477 274 IV.
509 213 609 273 GAP.
643 222 819 282 184-189.
1002 217 1064 285 375

62 366 182 455 μάδες,
206 374 236 438 ί
254 371 316 457 μὲν
338 371 476 459 πάντες,
500 370 562 441 οὐκ
583 378 646 459 ἔχω
668 370 829 463 ἀτρεκέως
843 385 941 447 τοῦτο
965 377 1063 467 εἶπαι,

63 470 195 534 ποιεῦσι
211 466 302 536 δέ’
261 477 373 537 αυτων
385 473 501 555 συχνοὶ
514 470 643 540 τοιάδε·
665 479 733 540 τῶν
747 478 843 543 παιδί
828 482 891 543 ίων
901 484 969 544 τῶν
979 496 1064 563 σφε-

8 608 16 657 ·.
63 566 186 649 τέρων,
209 562 311 632 ἐπεάν
324 570 497 655 τετραέτεα
512 572 665 654 γένηται,
681 578 780 657 οίσπη
794 573 973 659 προβάτων
989 580 1064 642 καί-

64 679 141 726 ουσι
160 655 218 739 τάς
233 662 270 728 έν
284 669 358 750 τῇσι
379 671 546 752 κορυφῇσι
562 667 703 752 φλέβας,
724 672 926 757 μετεξέτεροι
949 674 984 739 δὲ
1000 669 1064 739 αύ-

8 760 25 841 Ιἶ
64 756 203 838 τῶντὰς
214 761 250 827 ἐν
262 775 345 828 τοῖσι
361 762 558 849 κροτάφοισι
569 766 713 830 τούδε“
681 789 808 832 εινεκευ
815 763 885 852 ,ὡς
899 768 944 856 μή
959 788 1063 856 σφεας

8 920 23 941 „
63 853 146 936 ές
112 882 173 923 του
188 854 296 923 πάντα
309 858 434 945 χρόνον
447 862 631 946 καταρρέον
647 863 777 948 φλέγμα
793 865 883 930 έκ
844 890 901 950 της
917 871 1063 950 κεφαλῆς

64 954 225 1040 δηλέηται.
243 952 299 1020 καὶ
313 953 369 1021 διά
385 962 482 1022 τοῦτο
504 958 608 1041 σφέας
628 958 764 1043 λέγουσι
780 957 899 1027 εἶναι
882 960 1064 1049 υγιηροτά·

8 1110 20 1147 =
62 1078 150 1131 τους.
182 1054 242 1118 είσλ
263 1050 327 1173 γάρ
352 1050 396 1131 ὡς
411 1051 612 1139 άληθέωςοί
624 1061 747 1141 Λίβυες
768 1052 963 1143 άνθράπων
977 1057 1066 1124 πάν-

8 1212 18 1247 ;
61 1177 131 1218 των
155 1146 368 1272 ὑγιηρότατοι
394 1157 462 1218 τῶν
486 1148 580 1237 ἡμας
603 1155 715 1271 ίδμεν·
748 1158 778 1219 εί
789 1151 852 1238 μέν
873 1151 928 1220 διά
953 1161 1063 1270 τρῦτο,

61 1247 126 1316 ούκ
141 1253 203 1335 ἔχω
219 1245 380 1336 ἀτρεκέως
395 1245 538 1335 εἷπαι,’
520 1248 734 1372 ργιηρότατοι
750 1241 827 1315 δ’
801 1276 849 1317 ων
866 1255 936 1317 εἰσί.
969 1274 1013 1335 ην
1028 1249 1064 1315 δέ

60 1357 195 1418 καίουσι
216 1378 256 1418 τα
244 1347 370 1418 παιδί
355 1357 389 1418 ία
410 1347 560 1437 σπασμδς
580 1353 786 1437 ἐπιγένηται,
812 1350 987 1438 ἐξεύρηταί
1004 1372 1064 1438 σφι

60 1440 160 1526 ἄκος·
184 1446 310 1538 τράγου
335 1440 441 1550 ούρον
465 1454 659 1527 σπείσαντες
684 1448 829 1537 ρύουταί
851 1471 944 1537 σφεα.
987 1449 1073 1533 λέγω

62 1544 103 1613 δέ
134 1545 173 1613 τά
204 1547 338 1633 λέγουσι
360 1543 464 1616 αύτολ
496 1555 630 1667 Λίβυες.
680 1555 801 1617 Θυσίαι
831 1548 869 1617 δε
898 1563 985 1617 τοῖσι
1015 1575 1073 1616 νο-

8 1662 10 1705 :
64 1645 149 1732 μάσι
161 1651 191 1712 εί
178 1647 222 1712 ίσλ
234 1649 322 1712 αἶ’·δε
346 1644 448 1713 ἐπεάν
459 1653 520 1713 τοῦ
531 1643 614 1725 ὠτὸς
626 1643 838 1732 ἀπάρξωνται
850 1654 911 1715 τοῦ
922 1647 1070 1733 κτήνεος,

65 1745 239 1829 ῥιπτέουσι
253 1739 396 1829 ὑπὲρ
362 1767 423 1809 τον
446 1741 569 1827 δόμου,
589 1750 687 1808 τοῦτο
711 1743 747 1809 δὲ
768 1744 967 1828 ποιησαντες
986 1741 1071 1810 άπο·

66 1843 249 1926 στρέφουσι
270 1838 330 1907 τὸν
345 1837 469 1926 αὐχένα
491 1836 605 1906 αὐτοῦ.
634 1838 762 1904 θύουσι
780 1840 816 1905 δὲ
838 1836 918 1928 ἡλίφ
934 1841 989 1905 καὶ
1016 1861 1072 1908 σε-

8 1956 22 2023 ξ
65 1936 153 2024 λη’νη
167 1937 332 2021 μούνοισι.
355 1935 504 2003 τούτοισι
515 1938 577 2022 μέν
588 1961 654 2002 νυν
664 1933 787 2012 πάντες
798 1941 920 2023 Λίβυες
930 1934 1069 2021 θύουσι,

8 2034 11 2039 ’
66 2033 151 2122 άτάρ
163 2041 196 2102 οί
205 2038 280 2121 περὶ
291 2031 353 2121 τὴν
363 2039 548 2120 Τριτωνίδα
559 2040 681 2118 λίμνην
692 2035 848 2118 νέμοντες
858 2038 898 2120 τῇ
909 2030 1070 2120 Ἀθηναίη

24 2198 27 2203 .
65 2135 225 2221 μάλιστα,
246 2131 327 2218 μετά
344 2133 439 2222 δὲτςό
457 2138 599 2218 Τρίτωνι
616 2132 731 2220 καὶτῷ
745 2131 959 2196 Ποσειδέωνι.
999 2127 1069 2214 Την
1081 2153 1132 2208 18⁹

66 2235 103 2299 δὲ
118 2229 183 2316 άρα
194 2232 385 2319 έσδῆτακαί
395 2227 453 2307 τάς
464 2233 593 2310 αἰγίδας
603 2234 671 2292 τῶν
682 2223 883 2310 ἀγαλμάτων
899 2231 956 2310 τῆς
967 2222 1071 2311 Ἀθη-

65 2335 166 2415 ναίηςΔ
177 2330 213 2400 έκ
233 2335 301 2394 τῶν
316 2327 514 2410 Λιβυσσέων
528 2321 726 2408 ἐποιήσαντο
742 2327 776 2388 οί
787 2319 959 2408 Ἕλληνες
982 2322 1070 2409 πλὴν

64 2424 132 2510 γάρ
148 2416 169 2507 ἢ
185 2416 235 2488 ὅτι
251 2416 423 2508 σκυτίνηὴ
446 2417 548 2506 ἐσθὴς
570 2426 638 2486 τῶν
653 2422 851 2506 Λιβυσσέων
871 2422 939 2489 έστί
959 2422 1014 2487 καί
1037 2425 1071 2487 οί

64 2517 214 2587 θύσανοι
228 2522 262 2584 οί
273 2521 309 2585 έκ
324 2526 391 2586 τῶν
407 2521 545 2603 αίγίδων
556 2514 675 2606 αὐτῇσι
690 2516 753 2586 ούκ
768 2517 863 2605 ὅφιές
881 2525 961 2606 είσι,
983 2517 1067 2587 άλλά

50 2615 250 2702 ,ίμάντινοι,
272 2614 313 2682 τά
329 2617 365 2684 δὲ
382 2615 466 2684 άλλα
481 2616 589 2684 πάντα
605 2614 687 2683 κατά
705 2613 812 2686 τάυτὸ
828 2623 988 2686 ἔσταλται.
1013 2620 1069 2685 καλ

64 2715 107 2800 δη
135 2718 189 2781 καὶ
213 2711 249 2781 τὸ
271 2711 400 2802 ούνομα
424 2718 633 2803 κατηγορέει,
661 2713 712 2783 ὅτι
736 2719 772 2784 ἐκ
792 2716 922 2803 Λιβύης
949 2713 1023 2802 ἥκει
1046 2712 1065 2802 ἡ

63 2808 165 2896 στολη
180 2817 247 2878 τῶν
257 2817 473 2880 Παλλαδίων·
486 2817 607 2899 μίγέας
618 2811 682 2900 γάρ
694 2815 951 2902 περιβάλλονται
967 2812 1066 2896 φιλας

62 2911 141 3001 περὶ
161 2907 223 2996 την
243 2913 367 2998 ἐσθῆτα
387 2910 588 2991 θυσανωτὰς
613 2916 652 2980 αι’
670 2919 852 2999 Λίβυσσαι,
875 2914 1068 2999 κεχριμένας

62 3008 296 3100 ἐρευθεδάνῳ,
319 3012 354 3077 ἐκ
375 3011 410 3076 δὲ
431 3017 499 3077 τῶν
520 3012 642 3096 αἰγέων
661 3009 792 3077 τούτων
807 3013 936 3094 αίγίδας
950 3006 1068 3076 οίἝλ-

61 3115 164 3190 ληνες
180 3107 443 3194 μετουνύμασαν.
478 3112 586 3177 δοκέει
607 3107 639 3176 δ’
663 3115 775 3195 ἔμοιγε
800 3113 855 3176 καί
876 3105 896 3196 ἡ
920 3105 1066 3194 ὀλολυγὴ

8 3218 15 3301 ξ
61 3208 101 3272 έν
133 3210 234 3294 ίροίσι
252 3209 400 3275 ἐνθαῦτα
414 3214 549 3292 πρῶτον
565 3210 741 3294 γενέσθαι·
763 3206 869 3293 κάρτα
883 3204 947 3293 γάρ
961 3204 1066 3294 ταύτη

8 3306 11 3313 ’
62 3306 217 3390 χρέονται
229 3309 265 3372 αί
272 3312 454 3392 Λίβυσσαι,
470 3309 525 3374 καὶ
536 3310 689 3393 χρέονται
704 3312 820 3383 καλῶς.
845 3306 900 3372 καὶ
910 3307 1068 3391 τέσσερας

8 3468 10 3497 ,
62 3403 189 3479 ἵππους
204 3402 427 3488 συζευγνύναι
441 3401 532 3489 παρὰ
549 3404 688 3491 Λιβύων
704 3400 900 3488 οίἝλληυες.
911 3399 1066 3488 μεμαθή-
