2354 3840
336 213 421 270 κιο.
453 214 473 280 ,ι
508 212 606 271 σοι.
635 219 779 277 εε-οι.
1018 219 1060 314 κο

52 364 158 454 νόμος
178 368 251 438 ἐστί
268 373 309 439 οί.
353 376 466 456 Κύρος
480 370 517 438 δὲ
540 371 711 458 είρετο,“
690 400 756 442 οτι
772 380 807 444 οί
821 385 920 446 τοῦτο
935 380 1058 466 ἐπημο-

49 469 140 552 ρίων
160 472 380 556 παραιτέοιτο.
419 476 562 554 Κροῖσος
576 473 617 540 δέ
633 476 668 541 οί
685 475 925 597 ἐπαλιλλόγησε
945 485 1058 546 πᾶσαν

49 563 112 653 τὴν
135 569 264 636 ἑωυτοῦ
288 569 443 637 διάνοιαν
463 572 598 638 καὶτῶν
617 574 877 661 χρηστηρίων
840 602 900 656 τας
914 575 1057 665 ὑποκρί-

48 682 120 752 σις,
163 665 219 733 καί
231 663 375 753 μάλιστα
391 662 432 733 τὰ
446 663 660 755 ἀναθήματα,
686 669 778 738 καί
756 698 801 752 ως
820 676 1041 766 ἐπαερθείς
1010 701 1056 743 τω

48 769 199 854 μαντηίῳ
224 766 463 854 ἐστρατεύσατο
490 769 544 837 ἐπί
563 771 703 852 Πέρσας.
744 775 852 858 λέγων
877 774 1053 862 δὲταῦτα,

48 865 225 950 κατέβαινε
245 855 341 943 αύτις
356 866 619 951 παραιτεόμενος
632 869 764 936 ἐπεῖναί
780 874 815 937 οί
826 895 872 962 τω
859 877 958 962 θεῷ
973 871 1055 939 τού-

47 983 116 1031 των
142 954 314 1028 ὀνειδίσαι.
357 967 472 1047 Κῦρος
496 962 533 1031 δέ
552 965 696 1050 γελάσας
716 963 802 1034 εἶπε·
843 937 910 1036 Καί
929 969 1054 1036 τούτου

47 1058 178 1138 τεύξεαι
192 1081 260 1144 παρ
258 1055 385 1145 ’έμεῦ,
408 1067 549 1148 Κροῖσε,
572 1065 627 1130 καί
644 1061 750 1132 όίλλον
763 1063 906 1153 παντός,
931 1072 993 1136 τοῦ
1008 1061 1053 1133 άν

49 1155 205 1224 ἑκάστοτε
218 1156 286 1243 δέη.
313 1153 372 1235 Ως
385 1158 422 1225 δ
436 1164 541 1243 ταῦτα
555 1155 680 1245 ηκουσε
695 1186 714 1228 ο
701 1156 890 1248 Κροῖσος,
912 1166 1053 1248 πέμπων

48 1261 114 1321 τῶν
130 1256 256 1321 Λυδῶν
276 1253 310 1331 ἐς
325 1251 485 1340 Δελφούς
505 1256 690 1326 ἐνετέλλετο
707 1261 862 1337 τυθέντας
876 1257 936 1338 τὰς
949 1263 1052 1339 πέδας

47 1353 96 1419 ἐπὶ
111 1357 173 1419 τοῦ
190 1356 277 1436 νηοῦ
293 1346 354 1419 τόν
368 1349 474 1419 ούδόν
490 1358 650 1440 εἰρωτᾶν,
670 1360 702 1422 εί
715 1353 757 1423 ού
770 1381 802 1423 τι
816 1357 1051 1447 ἐπαισχύνεται

47 1463 128 1517 τοῖσι
162 1453 352 1534 μαντηίοισι
377 1450 532 1536 ἐπαείρας
557 1458 706 1538 Κροίσου
730 1453 972 1539 στρατεύεσθαι
998 1454 1051 1523 ἐπί

45 1543 220 1633 Πέρσπς’
197 1572 243 1626 ως
255 1547 514 1614 καταπαύσοντα
531 1545 593 1633 τὴν
609 1550 728 1636 Κύρου
743 1547 953 1636 δύναμιν,’
933 1547 993 1617 απ’
1008 1576 1050 1637 ης

47 1651 77 1716 οί
88 1643 276 1767 ἀκροθίνια
294 1653 432 1714 τοιαῦτα
446 1650 623 1733 γενέσθαι,
647 1645 895 1727 δεικνύντας
858 1675 917 1728 τας
930 1652 1049 1727 πέδας

45 1745 196 1813 ταῦτάτε
208 1730 409 1829 ἐπειρωτᾶν,
416 1745 516 1813 καίί
486 1770 502 1812 ε
502 1742 733 1830 ίάηαρίστοισι
748 1746 851 1831 νόμος
867 1744 951 1814 εἶναι
963 1758 1051 1813 τοῖσι

42 1838 260 1930 Κλληνικοίσι
276 1853 396 1911 θεοῖσι.

123 1939 369 2026 Ἀπικομένοισι
384 1943 421 2008 δὲ
435 1954 520 2009 τοῖσι
531 1946 671 2010 Λυδοῖσι
687 1945 742 2010 καί
757 1945 891 2028 λέγουσι
903 1967 942 2008 τα
931 1937 1047 2007 ἐντε-
1057 1952 1091 2010 91

42 2041 186 2127 ταλμένα
201 2035 263 2125 τὴν
278 2044 417 2125 Πυθίην
436 2043 565 2126 λέγεται
579 2045 684 2108 είπείν
699 2040 794 2107 τάδε·
826 2036 896 2126 Την
910 2059 1048 2124 πεπρω-

42 2144 147 2225 κένην
163 2151 285 2224 μοῖραν
296 2135 448 2206 άδύνατά
462 2141 530 2206 ἐστι
546 2136 754 2226 άποφυρέειν
765 2141 819 2206 καί
833 2144 914 2229 θεῷ.
941 2144 1047 2224 Κροί-

42 2258 96 2316 σος
112 2236 150 2303 δέ
165 2238 317 2321 πέμπτου
332 2238 450 2321 γονέος
466 2233 643 2323 ἁμαρτάδα
659 2238 831 2321 ἐξέπλησε,
854 2231 892 2313 ὃς
906 2230 972 2302 ἐόιν
988 2237 1047 2300 δο-

42 2333 194 2420 ρυφόρος
219 2330 462 2416 Ἡρακλειδέων
495 2333 584 2422 δόλῳ
608 2339 794 2422 γυναικηίην
824 2330 1046 2415 ἐπισπόμενος

41 2433 206 2522 ἐφόνευσε
225 2429 287 2499 τόν
307 2432 473 2520 δεσπότην
489 2436 543 2501 καὶ
557 2439 630 2518 ἔσχε
644 2430 707 2518 τὴν
722 2437 853 2499 ἐκείνου
868 2427 968 2516 τιμὴν
984 2427 1046 2497 ού-

41 2533 97 2599 δέν
114 2532 150 2597 οί
161 2528 409 2614 προσήκουσαν.
440 2529 723 2616 προθυμεομένου
741 2527 778 2594 δὲ
791 2527 935 2610 Λοξίεω,
957 2523 1045 2603 ὅκως

41 2623 78 2694 ἲν
96 2622 183 2693 κατδ
197 2622 277 2703 τούς
290 2630 411 2705 παῖδας
426 2623 505 2705 τοὺς
520 2631 671 2712 Κροίσου
686 2627 815 2710 γένοιτο
830 2620 867 2690 τὸ
885 2626 1044 2709 Σαρδίων

41 2712 151 2799 τάθὸς
167 2723 222 2789 καί
236 2719 282 2809 μὴ
298 2720 367 2790 κατ’
384 2720 491 2790 αὐτόν
504 2730 671 2809 Κροῖσον,
693 2719 756 2790 οὐκ
778 2717 849 2801 οἷός
862 2746 898 2788 τε
913 2723 1044 2806 ἐγένετο

41 2832 247 2906 ταραμαγελν
261 2827 389 2906 μοίρας.
420 2819 503 2888 ὅσον
517 2821 553 2888 δέ
567 2821 735 2888 ἐνέδωκαν
749 2812 866 2903 αύται,
887 2814 997 2903 ἤνυσέ
1007 2842 1043 2884 τε

41 2919 91 2986 ταὶ
107 2916 282 3008 ἐχαρίσατό
299 2921 346 2986 οί·
375 2924 451 3004 τρία
465 2915 530 3006 γάρ
547 2923 621 2985 ἐτεα
638 2916 859 3003 ἐπανεβάλετο
876 2911 937 3000 την
948 2921 1044 2998 Σαρ-

41 3019 119 3084 ίίων
135 3008 279 3100 ἅλωσιν,
297 3017 464 3084 καὶτοῦτο
479 3017 671 3084 ἐπιστάσθω
682 3021 826 3099 Κροῖσος
841 3009 885 3090 όις
899 3009 1043 3096 ὕστερον

41 3124 121 3181 οίσι
139 3115 224 3178 ἔτεσι
239 3112 387 3181 τούτοισι
403 3111 507 3192 ἁλούς
523 3141 581 3200 της
595 3115 822 3198 πεπρωμένης.
851 3108 991 3196 δεύτερα
1006 3108 1043 3175 δὲ

41 3210 172 3278 Ιούτων
166 3215 349 3332 καιομένη)
364 3208 455 3303 αύτω
441 3212 641 3298 ἐπήρκεσε.
673 3234 756 3277 κατα
744 3203 858 3276 NB}
824 3233 861 3274 το
877 3207 1031 3293 μαντήιοι

41 3307 68 3377 Ιὁ
90 3307 280 3427 γενόμενον
300 3305 363 3376 ούκ
387 3305 500 3396 όρθως
514 3317 659 3391 Κροῖσος
674 3311 853 3394 μέμφεται·
891 3302 1039 3392 προηρό-

41 3410 113 3474 ιευε
135 3403 200 3491 γάρ
225 3407 260 3473 οί
271 3402 458 3494 Λοξίης,”
435 3432 479 3492 ην
501 3407 719 3493 στρατεύηται
741 3407 793 3474 ἐπὶ
807 3407 955 3491 Πέρσας,
979 3423 1039 3487 με·

119 3498 256 3555 mom
885 3501 941 3578 ι,
1026 3522 1115 3631 ⁴
