2354 3840
149 201 213 263 260
524 206 776 264 HERODOTI

149 367 254 431 ἵππου
276 362 355 443 τούς
374 369 544 451 μυκτῆρας
560 377 789 450 προσενεῖκαι,
810 361 871 431 τδν
885 365 922 432 δὲ
942 361 1133 451 αἰσθόμενον

150 465 385 552 φριμάξασθαί
396 491 432 533 τε
447 468 502 532 καί
516 471 713 551 χρεμετίσαι.

96 573 132 627 88
232 565 376 645 Δαρεῖός
397 589 432 631 τε
453 561 493 651 δή
515 561 747 640 ὁῪστάσπεος
765 557 923 648 βασιλεύς
937 557 1133 644 άπεδέδεκτο,

149 667 209 727 καί
216 663 251 726 οί
257 653 344 746 ήσαν
355 661 392 727 ἐν
402 667 442 748 τῇ
452 659 543 749 Ἀσίη
553 659 675 738 πάντες
689 659 863 746 κατήκοοι,
874 655 963 744 πλήν
973 655 1134 745 Ἀραβίων,

150 759 269 842 Κύρου
289 785 324 824 τε
338 761 653 844 καταστρεψαμένου
668 760 724 824 καλ
737 754 880 842 ὕστερον
896 749 992 834 αὖτις
1006 752 1134 841 Καμβύ·

151 876 225 923 σεω.
268 853 415 943 Ἀράβιοι
434 856 471 922 δέ
497 852 628 942 ούδαμά
648 849 861 942 κατήκουσαν
883 856 937 922 ἐπί
956 851 1134 939 δουλοσύνη

61 1033 64 1037 ,
149 956 314 1040 Πέρσησι,
334 951 419 1022 άλλᾶ
440 956 541 1033 ξεῖνοι
558 956 712 1039 ἐγένοντο
729 955 888 1039 παρέντες
901 953 1088 1040 Καμβύσην
1096 944 1133 1017 ἐπ’

149 1060 339 1136 Αίγυπτον·
366 1051 537 1121 ἀεκόντων
557 1053 622 1140 γάρ
639 1052 803 1140 Ἀραβίων
822 1050 885 1122 οὐκ
902 1051 954 1121 ’ἂν
973 1053 1134 1142 ἐσβάλοιεν

148 1152 275 1232 Πέρσαι
296 1153 328 1228 ἐς
342 1160 524 1235 Αίγυπτον.
559 1153 688 1238 γάμους
706 1176 742 1218 τε
761 1150 840 1231 τούς
856 1151 1011 1235 πρώτους
1030 1150 1134 1236 ἐγάμεε

149 1250 295 1335 Πέρσησι
307 1245 325 1315 ὁ
336 1257 496 1334 Δαρεῖος,
514 1249 632 1332 Κύρου
642 1251 705 1335 μὲν
716 1249 777 1317 δύο
788 1247 1134 1336 θυγατέραςἎτοσσάν

148 1372 184 1413 τε
196 1349 250 1413 καὶ
261 1345 506 1433 Ἀρτυστώνην,
518 1345 581 1434 τήν
591 1346 823 1433 μέν’Ἁτοσσαυ
833 1347 1134 1435 προσυνοικήσασαν

149 1444 316 1531 Καμβύσῃ
341 1470 377 1511 τε
400 1450 447 1533 τῷ
468 1442 621 1536 ἀδελφεῷ
641 1449 695 1512 καί
719 1439 815 1523 αὖτις
834 1451 880 1535 τῷ
899 1445 1013 1536 μάγῳ,
1033 1441 1094 1532 τήν
1108 1439 1135 1508 δέ

144 1539 377 1625 Ἀρτυστώνην
391 1546 574 1622 παρθένον.
598 1546 713 1629 ἑτέρην
727 1544 764 1610 δέ
778 1548 944 1630 Σμέρδιος
956 1551 1019 1611 τοῦ
1032 1541 1134 1631 Κύρου

148 1643 319 1725 θυγατέρα
342 1646 458 1726 ἔγημε,
479 1649 519 1728 τῇ
540 1640 670 1727 οὕνομα
693 1636 736 1728 ἦν
755 1642 913 1728 Πάρμυς·
942 1648 1016 1727 ἐσχε
1037 1641 1073 1707 δὲ
1091 1639 1134 1708 καί

148 1739 209 1828 τήν
231 1748 292 1807 τοῦ
311 1739 453 1807 Ὀτάνεω
478 1744 665 1826 θυγατέρα,
696 1738 801 1827 ήτόυ
827 1741 937 1826 μάγου
959 1739 1134 1824 κατάδηλον

149 1843 289 1925 ἐποίησε.
314 1839 477 1925 δυνάμιός
494 1864 529 1905 τε
545 1839 654 1905 πάντα
670 1843 705 1906 οί
718 1841 909 1924 ἐπίμπλατο.
939 1835 1135 1922 πρῶτονμὲν

148 1963 213 2004 νυν
224 1937 332 2004 τύπον
343 1937 566 2023 ποιησάμενος
580 1944 716 2004 λίθινον
730 1941 860 2022 ἔστησε·
882 1942 967 2027 ζῷον
978 1938 1019 2002 δέ
1025 1939 1060 2002 οί
1067 1936 1133 2018 ἐνήν

148 2032 233 2119 άνήρ
249 2035 385 2117 ἱππεύς,
398 2037 563 2118 ἐπέγραψε
573 2038 609 2100 δὲ
620 2035 797 2121 γράμματα
808 2038 947 2120 λέγοντα
957 2033 1051 2101 τάδε·
1074 2043 1134 2100 Δα·
1172 2114 1175 2123 Ι

148 2150 235 2215 ρεῑος
257 2132 274 2200 ὁ
290 2132 488 2208 Ὑστάσπεος
509 2133 574 2199 σύν
593 2159 629 2200 τε
648 2141 709 2202 τοῦ
725 2138 832 2201 ίππου
846 2139 886 2220 τῇ
901 2130 1002 2221 ἀρετή
1017 2128 1068 2219 (τδ
1086 2126 1134 2196 οὗ·
1172 2130 1175 2212 j

147 2256 233 2313 νομα
248 2231 370 2313 λέγων)
386 2230 441 2294 καί
453 2227 616 2314 Οἰβάρεος
630 2235 691 2296 τοῦ
705 2228 896 2315 ίπποκύμου
912 2229 1070 2315 ἐκτήσατο
1084 2223 1133 2312 τήν

100 2341 134 2394 89
150 2326 309 2406 Περσέων
325 2331 511 2410 βασιληίην.
540 2324 688 2411 Ποιήσας
705 2325 742 2395 δέ
756 2335 859 2407 ταῦτα
873 2330 910 2394 ἐν
921 2330 1069 2415 Πέρσησι
1086 2321 1136 2409 άρ·

146 2421 206 2510 χάς
216 2422 436 2508 κατεστήσατο
448 2431 561 2507 είκοσι,
577 2421 635 2501 τάς
651 2421 745 2491 αὐτοὶ
759 2428 916 2493 καλέουσι
927 2431 1136 2511 σατραπηίας·
1170 2436 1175 2445 “

147 2519 352 2604 καταστήσας
363 2519 399 2587 δὲ
406 2517 464 2597 τάς
476 2518 577 2605 ἀρχάς
588 2524 644 2588 καὶ
655 2519 817 2609 άρχουτας
827 2523 1003 2610 ἐπιστήσας
1013 2524 1138 2603 ἐτάξατο

147 2619 276 2704 φόρους
288 2622 321 2685 οί
330 2623 503 2702 προσιέναι
515 2617 598 2686 κατά
611 2622 715 2688 ἔθνεά
726 2648 762 2688 τε
772 2625 827 2689 καί
838 2618 923 2705 πρὸς
932 2636 1018 2688 τοῖσι
1033 2627 1141 2690 ἔθνεσι

146 2715 226 2793 τούς
243 2716 492 2803 πλησιοχώρους
508 2719 745 2804 προστάσσων,
766 2723 823 2787 καὶ
838 2716 1055 2805 ὑπερβαίνων
1069 2713 1142 2791 τούς

147 2815 343 2899 προσεχέας,
376 2811 416 2880 τά
445 2817 608 2902 ἑκαστέρω
634 2815 769 2885 ἄλλοισι
787 2816 871 2886 άλλα
896 2823 1000 2886 ἐθνεα
1024 2820 1141 2902 νέμων.

147 2909 249 2998 άρχάς
271 2913 307 2977 δὲ
328 2915 384 2980 καί
405 2911 524 2998 φύρων
545 2914 715 2998 πρόσοδον
734 2913 797 3000 τήν
818 2916 954 2983 ἐπέτεον
970 2912 1054 2983 κατά
1069 2913 1144 2981 τάδε

147 3015 264 3077 διεῖλεν
286 3023 370 3077 τοῖσι
392 3014 454 3096 μὲν
475 3008 587 3078 αὐτῶν
606 3010 771 3098 ἀργύριον
794 3011 1013 3098 άπαγινέουσι
1037 3020 1144 3098 είρητο

145 3107 369 3194 Βαβυλώνιον
392 3108 545 3192 σταθμὸν
568 3111 734 3193 τάλαντον
761 3109 971 3199 ἀπαγινέειν,
1000 3123 1086 3176 τοῖσι
1112 3104 1146 3174 δὲ

140 3202 696 3299 χρυσίονάπαγινέουσιΕύβοίκόν.
714 3207 1152 3296 τόδέΒαβυλώυιοντάλαύ·

26 3344 31 3353 ·
141 3335 202 3376 του
215 3308 357 3377 δύναται
367 3306 536 3395 Εύβοΐδας
546 3308 772 3402 ἑβδομήκοντα
785 3311 841 3376 καὶ
855 3297 941 3378 ὀκτώ
958 3309 1073 3399 μνέας.
1101 3309 1155 3378 ἐπί

60 3407 207 3608 Ιάρ
216 3408 334 3498 Κύρου
349 3407 509 3502 ἄρχοντος
522 3410 579 3476 καὶ
593 3401 686 3489 αύτις
696 3409 884 3497 Καμβύσεω
897 3403 941 3497 ήν
954 3410 1156 3499 κατεστηκὸς
