2340 3832
132 196 195 257 300
512 193 760 252 ΗΕΒΟΒΟΤΙ

130 357 243 443 χώρην
270 353 480 440 παραδόντας
505 364 590 417 τοῖσι
614 352 762 433 ἐπιοῦσι,
795 364 882 417 τοσσι
905 352 946 417 δὲ
972 355 1139 437 βασιλεῦσι

131 454 225 534 δόξαι
239 458 275 521 έν
285 481 325 542 τη
311 456 471 519 ’ἑωυτῶν
482 452 618 516 κέεσθαι
633 443 875 524 ἀποθανόντας
888 450 980 564 μηδὲ
991 445 1141 532 συμφεύ-

130 578 248 639 γειν
218 578 262 617 τω
250 549 389 665 δήμω,
405 542 698 631 λομισαμένους,“
679 563 741 610 οσα
758 569 794 610 τε
809 539 929 628 ἀγαθά
948 543 1139 612 πεπόνθασι

132 645 219 716 καλ”
199 666 261 713 οσα
277 646 464 730 φεύγοντας
478 645 568 709 ἐκ
528 668 586 727 της
599 645 758 727 πατρίδος
778 666 867 707 κακα
854 637 1032 721 ἐπίδοξα
1047 664 1135 708 κατα

130 746 292 832 λαμβάνει
293 771 323 811 ν.
348 741 393 821 ὡς
410 742 446 809 δὲ
462 741 556 820 δόξαι
571 760 633 824 σφι
642 764 764 823 ταυτα
780 737 992 817 διαστάντας
1003 735 1092 805 καῖ’
1072 761 1140 822 αρι·

132 843 222 929 θμόυ
239 852 332 919 ίσους
352 840 554 927 γενομένους
571 838 737 924 μάχεσθαι
758 834 843 920 πρὸς
865 833 1063 921 ἀλλήλους
1093 834 1140 898 καὶ

130 938 208 1018 τούς
224 940 286 1024 μὲν
307 936 543 1014 άποθανόυτας
563 937 690 1013 πάντας
710 932 758 1001 ὑπ
761 931 927 1001 ’ἑωυτων
948 934 1069 1015 θάψαι
1088 956 1139 999 τον

130 1044 237 1125 δῆμον
251 1044 319 1103 των
330 1042 525 1155 Κιμμερίων
538 1032 628 1117 παρὰ
643 1030 794 1119 ποταμόν
809 1031 930 1118 Τύρην
943 1042 1023 1119 (καί
1033 1053 1139 1119 σφεων

130 1142 177 1203 ἔτι
193 1135 293 1221 δῆλός
307 1131 405 1201 ἐστι
390 1161 407 1200 ο
426 1134 563 1219 τάφος),
585 1135 763 1213 θάψαντας
776 1129 880 1199 δὲ”
834 1157 929 1199 ουτω
944 1130 1017 1221 τήν
1031 1136 1137 1214 ἔξοδον

129 1238 165 1302 ἐκ
179 1241 235 1320 τῆς
255 1232 363 1319 χώρης
376 1235 565 1311 ποιέεσθαι,
588 1234 729 1311 Σκύθας
745 1233 783 1301 δὲ
796 1233 1017 1312 ἐπελθόντας
1030 1241 1137 1321 λαβεῖν

85 1344 115 1396 λθ
131 1334 258 1420 ἐρήμην
277 1330 339 1418 τήν
354 1333 475 1417 χώρην.
520 1334 586 1399 Καὶ
605 1339 672 1398 νῦν
692 1337 759 1399 ἔστι
781 1332 843 1417 μὲν
863 1333 904 1397 έν
921 1339 967 1420 τῇ
982 1335 1136 1417 Σκυθικῇ

128 1435 294 1517 Κιμμέρια
315 1438 438 1516 τείχεα,
461 1435 529 1497 ἔστι
547 1433 584 1496 δέ
605 1429 778 1515 πορθμήια
796 1429 993 1516 Κιμμέρια,
1018 1425 1136 1499 ἔστιδὲ

129 1532 183 1595 καὶ
203 1528 293 1614 χύρη
317 1528 447 1614 οὕνομα
463 1535 647 1613 Κιμμερίη,
670 1534 739 1595 ἔστι
760 1530 797 1595 δὲ
813 1524 1001 1609 Βόσπορος
1014 1526 1130 1612 Κιμμέ

128 1652 199 1709 ριος
213 1629 421 1712 καλεόμενος.
453 1634 630 1712 φαίνονται
648 1628 685 1695 δὲ
705 1631 739 1694 οί
752 1627 933 1712 Κιμμέριοι
951 1627 1135 1713 φεύγοντες

127 1727 160 1802 ἐς
174 1721 236 1811 τήν
248 1721 359 1810 Ἀσίην
373 1722 451 1803 τούς
468 1725 611 1804 Σκύθας
626 1728 681 1792 καί
695 1722 757 1810 τήν
770 1723 990 1811 χερσόνησον
1005 1730 1133 1794 κτίσαν

126 1847 195 1905 τες,
218 1825 255 1889 έν
270 1828 309 1909 τῇ
326 1829 392 1888 νῦν
407 1823 547 1909 Σινώπη
565 1823 662 1900 πόλις
676 1820 792 1900 Ἑλλάς
806 1832 964 1891 οίκισται.
999 1822 1132 1912 φανεροὶ

127 1922 166 1986 δέ
178 1925 241 1985 είσι
258 1921 313 1986 καὶ
329 1925 363 2005 οἱ
376 1921 512 1989 Σκύθαι
527 1920 705 1999 διιόξαντες
720 1917 843 1999 αύτούς
857 1922 916 1990 καὶ
933 1924 1132 2011 ἐσβαλόντες

126 2020 159 2094 ές
173 2025 236 2102 γῆν
250 2015 313 2103 τήν
326 2017 500 2106 Μηδικήν,
523 2018 728 2106 ἁμαρτόντες
740 2026 798 2103 τῆς
818 2015 913 2087 ὁδοῦ.
938 2024 979 2088 οί
993 2022 1061 2108 μὲν
1074 2016 1130 2107 γάρ

126 2116 304 2199 Κιμμέριοι
316 2120 379 2183 αἰεὶ
391 2115 452 2202 τήν
466 2116 556 2201 παρά
567 2118 745 2186 θάλασσαν
760 2122 925 2203 ἔφευγον,
942 2121 984 2185 οί
993 2118 1034 2187 δέ
1043 2115 1130 2187 Σκό-

125 2220 188 2276 θαι
202 2211 239 2276 ἐν
256 2215 346 2299 δεξιῇ
369 2211 429 2279 τόν
443 2217 625 2283 Καύκασον
646 2222 776 2301 ἔχοντες
791 2219 951 2299 ἐδίωκον,
978 2218 1016 2295 ές
1030 2212 1052 2282 ὃ
1066 2214 1128 2282 ἐσέ-

125 2318 231 2395 βαλον
256 2314 288 2390 ἐς
313 2310 375 2397 τήν
399 2313 560 2401 Μηδικήν
582 2322 664 2402 μήν,
697 2318 730 2393 ές
751 2314 937 2400 μεσόγαιαν
966 2320 1032 2402 τῆς
1055 2311 1128 2382 ὁδοῦ

125 2414 340 2493 τραφθέντες.
365 2405 462 2490 οὗτος
477 2413 513 2480 δὲ
527 2412 626 2491 ἄλλος
642 2412 741 2493 ξυνὸς
749 2412 921 2499 Ἑλλήνων
931 2438 969 2480 τε
982 2416 1043 2481 καλ
1053 2420 1127 2501 βαρ-

81 2523 111 2576 13
125 2505 241 2590 βάρων
262 2505 440 2593 λεγόμενος
460 2508 560 2594 λόγος
581 2519 717 2596 εἴρηται.
758 2508 846 2593 Ἔφη
870 2510 908 2575 δὲ
924 2501 1125 2595 Ἀριστέηςὸ

125 2610 358 2689 Καϋστροβίου
381 2603 466 2692 ἀνὴρ
488 2610 756 2696 Προκοννήσιος,
777 2611 902 2676 ποιέων
923 2614 1030 2698 ἔπεα,
1056 2608 1126 2678 άπι-

124 2702 243 2767 κέσθαι
258 2704 290 2779 ές
302 2700 489 2789 Ἰσσηδόνας
501 2707 750 2793 φοιβόλαμπτος
761 2705 962 2793 γενόμενος,
981 2704 1125 2795 Ἰσσηδό-

123 2828 194 2869 νων
214 2805 250 2870 δὲ
274 2801 484 2888 ὑπεροικέειν
504 2806 728 2892 Ἀριμασπούς
752 2806 878 2889 ἄνδρας
898 2806 1125 2893 μουνοφθάλ-

123 2924 223 3011 μους,
254 2899 338 2987 ὑπὲρ
371 2905 407 2969 δέ
432 2904 561 2971 τούτων
591 2904 671 2983 τούς
696 2904 958 3024 χρυσοφύλακας
984 2912 1123 2991 γρῦπας,
1166 2927 1167 2932 ’

122 2997 251 3065 τούτων
265 2998 301 3064 δέ
311 2996 389 3077 τούς
397 2997 637 3121 Υπερβορέους
650 3003 854 3090 κατήκοντας
868 3002 921 3069 ἐπὶ
934 3001 1123 3073 θάλασσαν.

122 3093 261 3170 τούτους
278 3087 326 3162 άυ
346 3096 473 3177 πάντας
488 3098 576 3185 πλην
590 3094 862 3188 ’λ’περβορέων’
843 3102 904 3183 αρξ
905 3098 1027 3169 άντων
1042 3099 1124 3187 ’Λρν

121 3196 262 3271 μασπων
278 3200 313 3258 αί
299 3194 340 3258 cel
354 3208 438 3261 τοισι
460 3196 718 3282 πλησιοχώροισι
734 3200 965 3317 ἐπιτίθεσθαι,
987 3196 1081 3269 καλ
1063 3192 1122 3269 vu&

120 3288 184 3405 μὲν
200 3282 410 3371 Ἀριμασπῶν
432 3295 636 3372 έξωθεεσθαι
658 3296 695 3361 έκ
717 3302 774 3379 τῆς
793 3292 903 3379 χτόρης
921 3291 1122 3384 Ἰσσηδόνας,

121 3379 186 3450 ὑπο
175 3380 255 3450 δὲ’
250 3387 445 3469 Ισσηδόυων
457 3393 608 3478 Σκύθας,
624 3398 830 3478 Κιμμερίους
841 3394 877 3459 δὲ
887 3396 1067 3477 οἰκέοντας
1076 3396 1122 3463 ἐπὶ
