2354 3840
138 215 200 278 ³04
524 217 774 275 HERODOTI

138 376 289 465 ἡμερέων
309 380 545 444 πεντεκαίδεκα
566 373 666 460 ὁδὸν,
689 381 800 442 πάσαν
820 376 944 443 έοῦσαν
960 375 1065 463 ψιλὴν
1084 379 1135 444 καλ

140 477 267 565 ἀγρίων
281 478 336 544 καὶ
348 470 485 562 ἡμέρων
501 475 685 559 δενδρέων·
708 470 943 559 ὑπεροικέουσι
957 475 996 542 δὲ
1008 475 1134 543 τούτων

139 581 299 663 δευτέρην
315 575 411 653 λάξιν
420 580 550 659 ἔχοντες
561 575 737 657 Βουδῖνοι,
752 577 817 657 γῆν
830 571 1011 658 νεμόμενοι
1026 580 1134 640 πᾶσαν

90 705 125 758 22
139 677 263 743 δασέαν
278 671 342 760 ύλη
357 677 505 759 παντοίη.
537 675 712 738 Βουδίνων
727 671 764 737 δέ
777 671 971 756 κατύπερθε
981 669 1068 758 πρός
1078 679 1133 758 βο-

136 777 218 860 ρέην
238 774 306 838 ἐστὶ
326 770 441 856 πρώτη
462 777 525 855 μὲν
545 771 665 855 έρῆμος
687 763 740 834 ἐπ’
762 765 913 855 ἡμερέων
935 767 1017 836 ἑπτά
1044 765 1132 852 ὁδὸν,

135 869 216 956 μετά
238 870 274 936 δὲ
288 868 349 954 τὴν
365 872 489 956 ἐρῆμον
510 865 723 934 ἀποκλίνοντι
739 870 867 950 μᾶλλον
886 864 971 952 πρὸς
985 863 1131 951 ἀπηλιώ-

134 997 196 1055 την
219 965 346 1054 ἀνεμου
367 973 523 1054 νέμονται
545 970 773 1053 Θυσσαγέται,
803 971 905 1045 έθνος
928 965 1059 1036 πολλὸν
1083 967 1132 1034 καὶ

135 1070 239 1135 ἴδιον·
263 1066 383 1145 ζώουσι
405 1070 441 1133 δέ
464 1064 529 1133 ἀπδ
551 1066 670 1152 θήρης.
703 1067 855 1150 συνεχέες
877 1064 913 1132 δὲ
933 1067 1083 1135 τούτοισι
1099 1069 1131 1134 έν

134 1179 219 1233 τοῖσι
240 1162 369 1233 αὑτοῖσι
389 1166 521 1233 τόποισι
541 1169 773 1250 κατοικημένοι
795 1165 878 1257 είσδ,
895 1177 979 1231 τοῖσι
1006 1162 1130 1248 ούνομα

132 1278 236 1332 κεῖται
247 1262 386 1350 Ἰύρκαι,
402 1266 457 1330 καὶ
473 1256 566 1330 οὗτοι
582 1259 647 1329 ἀπὸ
660 1263 771 1348 θήρης
785 1263 923 1341 ζώοντες
936 1263 1053 1354 τρόπῳ
1067 1288 1128 1331 τοι·

131 1366 211 1451 ῷδε·
233 1368 314 1450 λοχᾷ
329 1362 381 1428 ἐπὶ
402 1364 561 1443 δένδρεον
581 1357 709 1447 ἀναβάς
729 1357 784 1448 (τά
800 1363 840 1427 δέ
857 1362 925 1427 έστι
938 1359 1054 1429 πυκνά
1070 1357 1128 1429 ἀνά

130 1468 242 1529 πᾶσαν
256 1458 317 1547 τὴν
330 1461 476 1547 χώρην),
498 1463 598 1537 ἵππος
619 1458 655 1526 δέ
675 1458 801 1548 ἑκάστω
823 1461 1062 1545 δεδιδαγμένος
1081 1461 1128 1528 έπί

129 1563 272 1647 γαστέρα
288 1560 426 1626 κέεσθαι
446 1556 680 1643 ταπεινότητος
703 1559 831 1623 εἵνεκεν
845 1557 973 1641 ἑτοῖμός
990 1560 1060 1625 έστι
1080 1559 1129 1625 καὶ

129 1657 239 1725 κύων·
263 1654 364 1723 έπεάν
386 1660 421 1723 δὲ
446 1653 547 1744 ἀπίδη
574 1652 610 1722 τό
632 1662 757 1741 θηρίον
782 1651 847 1721 ἀπὸ
873 1662 934 1721 τοῦ
960 1658 1128 1745 δενδρέου,

131 1753 288 1833 τοξεύσας
303 1757 358 1822 καί
373 1751 489 1841 έπιβάς
505 1755 557 1822 ἐπὶ
577 1751 638 1821 τόν
658 1757 762 1820 ἵππον
782 1751 912 1840 διώκει,
934 1752 1022 1823 καὶὸ
1039 1753 1128 1823 κύων

129 1862 244 1941 ἔχεται,
277 1850 362 1940 ὑπὲρ
385 1856 421 1922 δὲ
442 1855 571 1921 τούτων
594 1853 631 1921 τό
654 1851 738 1939 πρὸς
759 1851 822 1939 τὴν
841 1851 892 1939 ἧώ
915 1850 1128 1922 ἀποκλίνοντι

129 1956 274 2021 οἰκέουσι
290 1952 427 2021 Σκύθαι
448 1952 559 2038 άλλοι,
582 1948 647 2019 ἀπὸ
668 1959 737 2019 τών
757 1957 940 2038 βασιληίων
961 1955 1127 2018 Σκυθέων

128 2047 331 2129 ἀποστάντες
346 2054 400 2119 καί
417 2050 505 2118 οὕτω
527 2048 725 2137 ἀπικόμενοι
746 2052 779 2128 ές
792 2056 913 2117 τοῦτον
932 2045 994 2116 τὸν
1008 2056 1125 2136 χώραν.

83 2151 237 2234 χ3Μέχρι
256 2151 317 2234 μὲν
333 2146 373 2233 δὴ
394 2157 451 2234 τῆς
471 2149 600 2215 τούτων
620 2156 687 2215 τῶν
702 2149 870 2216 Σκυθέων
885 2148 996 2235 χώρης
1019 2149 1086 2215 ἐστὶ
1106 2144 1125 2231 ἡ
1162 2215 1165 2220 ,

127 2253 365 2330 καταλεχθεῖσα
379 2251 468 2312 πάσα
489 2245 604 2323 πεδιάς
621 2271 655 2312 τε
675 2254 718 2332 γη
738 2248 793 2313 καὶ
813 2247 1020 2333 βαθύγαιος,
1040 2244 1078 2313 τὸ
1095 2241 1125 2311 δ’

128 2338 192 2408 ἀπό
208 2339 331 2408 τούτου
346 2341 494 2426 λιθώδης
514 2339 544 2408 τ’
561 2343 626 2409 ἐστὶ
644 2345 699 2410 καὶ
712 2345 839 2430 τρηχέα.
870 2342 1078 2422 διεξελθόντι
1094 2341 1127 2410 δέ

128 2443 183 2508 καί
197 2445 254 2524 τῆς
264 2443 401 2524 τρηχέης
410 2446 521 2526 χῶρον
533 2436 660 2508 πολλὰν
671 2444 817 2509 οἰκέουσι
828 2438 987 2526 ὑπώρεαν
998 2439 1126 2527 οὐρέων

127 2536 269 2621 ὑψηλῶν
284 2533 460 2621 ἅνθρωποι
475 2537 650 2623 λεγόμενοι
667 2536 751 2606 εἶναι
772 2538 894 2618 πάντες
908 2545 1076 2629 φαλακροὶ
1092 2545 1126 2608 έκ

125 2639 243 2719 γενεῆς
256 2632 445 2717 γινόμενοι,
467 2637 522 2702 καὶ
543 2640 674 2723 ἔρσενες
695 2638 750 2703 καὶ
769 2636 890 2723 θήλεαι
911 2634 1050 2725 ὁμοίως,
1073 2639 1125 2705 καὶ

126 2730 216 2816 σιμοὶ
230 2733 284 2796 καί
300 2732 411 2815 γένεια
427 2736 554 2816 ἔχοντες
566 2734 710 2819 μεγάλα,
726 2729 846 2821 φωνην
857 2735 892 2802 δὲ
907 2739 996 2822 ἰδίην
1011 2739 1122 2821 λέντες,

127 2830 242 2913 ἐσθῆτι
273 2831 309 2896 δὲ
332 2827 506 2915 χρεόμενοι
527 2837 702 2918 Σκυθικῇ,
731 2830 879 2911 ζώοντες,
894 2832 931 2900 δὲ
956 2829 1021 2901 ἀπδ
1050 2838 1125 2902 δεν-

126 2930 243 3014 δρέων.
272 2925 432 2994 ποντικὸν
452 2929 514 3012 μὲν
531 2926 660 3013 ούνομα
679 2935 725 3018 τῷ
740 2930 902 3019 δενδρέῳ,
923 2922 1044 3002 ἀπ’,ού
1065 2929 1124 3010 ζώ-

126 3042 219 3106 ουσι,
241 3024 389 3106 μέγαθος
409 3024 446 3091 δὲ
460 3022 542 3092 κατά
563 3027 687 3111 συκέην
701 3024 843 3110 μάλιστά
857 3051 915 3114 κη·
935 3027 1069 3111 καρπὸν
1089 3030 1123 3096 δλ

125 3121 239 3204 φορέει
253 3119 371 3212 κυάμῳ
386 3131 476 3207 ίσου,
499 3130 631 3209 πυρῆνα
644 3123 680 3190 δὲ
692 3129 773 3208 ἔχει·
794 3129 892 3189 τοῦτο
907 3121 1009 3190 έπεάν
1023 3129 1123 3214 γένη-

123 3242 177 3282 ται
194 3218 317 3302 πέπον,
338 3223 515 3286 σακκέουσι
530 3224 703 3306 ἱματίοισι,
726 3217 881 3306 ἀπορρέει
893 3218 925 3286 δ’
941 3220 999 3290 ἀπ’
1017 3221 1122 3291 αὐτού

113 3309 212 3397 Ιπαχύ
232 3313 287 3379 καί
300 3315 420 3402 μέλαν,
443 3316 571 3403 ούνομα
591 3319 627 3383 δὲ
641 3323 687 3405 τῷ
708 3315 911 3403 ἀπορρέοντί
930 3321 998 3385 ἐστι
1020 3318 1121 3407 ἀσχυ·

121 3416 218 3474 τοῦτο
239 3411 294 3476 καί
311 3418 456 3497 λείχουσι
476 3418 530 3481 καί
550 3414 690 3498 γάλακτι
712 3422 953 3498 συμμίσγοντες
972 3424 1121 3497 πίνουσι,
1166 3454 1168 3463 ·
