2354 3840
311 202 423 259 ·LlB.
455 203 476 259 l.
511 201 611 260 cAP.
644 205 786 263 διδ-64.
1026 201 1066 264 25

78 360 266 447 δαιμονίοισι
281 359 488 448 βουλόμενος
502 365 706 449 χαρίζεσθαι,
722 368 784 429 τοῦ
797 361 1015 450 ἐπιστάμενος
1028 359 1066 432 τδ

10 469 32 525 ³⁰2
79 457 197 548 οδνομα
214 458 277 530 οὐκ
293 461 526 550 ἐπιμνήσομαι.
552 458 621 530 ἀλλ’
644 456 743 547 ὁμέν
764 476 858 549 πασς,
879 460 919 532 δι’
945 455 987 531 ού
1010 469 1068 549 τής

10 566 32 605 δ
79 556 175 647 ’χειρός
190 559 258 648 δέει
274 556 313 628 τό
324 558 430 648 ὕδωρ,
441 563 716 647 Λακεδαιμονίων
730 561 808 646 ἐστὶ,
823 557 865 628 ού
875 562 989 646 μέντοι
1000 565 1066 627 τῶν

27 940 32 951 ι
83 855 219 943 χεύματα
228 855 379 947 ἀργύρεα
390 859 602 947 κυκλοτερέα,
613 857 668 927 καὶ
681 853 722 945 δή
735 857 789 927 καὶΙ
800 853 959 945 γυναικὸς
970 859 1069 926 ελδω-

26 1032 30 1049 ,
80 955 131 1022 λον
148 954 293 1042 χρύσεον
313 966 475 1045 τρίπηχυ,
504 956 541 1025 τδ
563 957 694 1044 Δελφοὶ
713 963 770 1044 τής
791 955 983 1045 ἀρτοκόπου
1009 961 1068 1041 τῆς

26 1057 32 1094 ³
81 1055 215 1139 Κροίσου
231 1053 345 1122 εἰκόνα
360 1059 496 1142 λέγουσι
514 1053 607 1123 είυαι.
637 1050 721 1141 πρός
739 1055 774 1122 δὲ
798 1057 853 1123 καὶ
866 1061 924 1142 τῆς
939 1055 1067 1122 ἑωυτοῦ

23 1362 30 1372 “
76 1347 205 1441 ριάρεμ,
221 1348 416 1437 πυθόμενος
427 1346 534 1421 αὐτοῦ
543 1351 607 1440 τήν
617 1376 653 1418 τε
664 1346 786 1439 ἀρετήν
796 1352 850 1419 καὶ
865 1347 927 1436 τήν
937 1348 1066 1435 πάθην,

20 1524 24 1534 ι
71 1443 212 1534 ἀνέθηκε
227 1448 329 1528 σάκος
340 1475 376 1517 τε
392 1449 537 1537 χρύσεον
552 1454 622 1517 πάν
649 1446 771 1537 ὁμοίως
787 1451 841 1516 καὶ
856 1443 976 1534 αίχμήυ
992 1466 1067 1514 στε-

10 1583 17 1601 ι
69 1541 146 1633 ρεήν
159 1549 272 1613 πᾶσαν
281 1547 437 1634 χρυσέην,
453 1544 491 1616 τό
502 1545 624 1628 ξυστόν
635 1554 710 1638 τήσι
725 1547 862 1636 λόγχησι
876 1543 934 1617 έόν
944 1542 1066 1632 ὁμοίως

10 1651 13 1661 “
64 1643 228 1731 χρύσεον·
243 1640 283 1711 τά
297 1649 344 1711 ἐτι
359 1647 414 1713 καὶ
432 1643 606 1735 ἀμφότερα
621 1650 655 1727 ἐς
670 1647 727 1734 ἐμὲ
742 1640 786 1734 ήν
802 1654 938 1732 κείμενα
952 1644 1067 1733 ένΘή-

10 1798 13 1819 ,
61 1748 153 1830 βησι,
169 1744 224 1810 καί
239 1745 378 1830 Θηβέων
395 1746 433 1812 ἐν
447 1749 493 1836 τῷ
508 1751 579 1835 νηῷ
594 1751 655 1813 τοῦ
667 1743 834 1832 Ἰσμηνίου
847 1743 1064 1821 Ἀπόλλωνος.

148 1845 240 1908 Τοῖσι
256 1840 292 1907 δὲ
307 1837 402 1927 ἀγειν
417 1844 574 1928 μέλλουσι
592 1847 790 1911 τῶνΛυδῶυ
801 1851 905 1911 ταῦτα
919 1839 959 1911 τά
975 1846 1066 1928 δῶρα
1079 1866 1113 1922 ςη

59 1938 96 2014 ἐς
112 1932 152 2002 τά
168 1932 223 2023 ίρά
238 1939 422 2005 ἐνετέλλετο
438 1935 607 2025 όΚροῑσος
624 1940 808 2028 ἐπειρωτᾶν
818 1939 858 2009 τά
873 1940 1066 2029 χρηστήρια,

60 2040 95 2103 εί
110 2035 325 2122 στρατεύηται
342 2038 395 2104 ἐπὶ
407 2039 539 2124 Πέρσας
553 2046 697 2126 Κροῖσος
717 2041 771 2106 καὶ
788 2048 821 2107 εί
833 2066 908 2107 τινα
923 2035 1062 2127 στρατὸν

60 2129 200 2218 ἀνδρῶν
215 2133 417 2220 προσθέοιτο
431 2142 540 2220 φίλον.
559 2131 604 2214 ὡς
615 2138 651 2204 δὲ
662 2133 861 2224 ἀπικόμενοι
879 2140 912 2218 ἐς
928 2134 968 2206 τά
983 2133 1066 2205 ἀπε-

59 2236 270 2319 πέμφθησαν
285 2236 320 2300 οί
331 2235 437 2303 Λυδοὶ
451 2231 620 2304 ἀνέθεσαν
630 2233 670 2305 τά
686 2233 897 2324 ἀναθήματα,
914 2238 1065 2324 ἐχρέοντο

59 2346 149 2403 τοῖσι
172 2338 400 2420 χρηστηρίοισι
422 2336 591 2421 λέγοντες·
614 2342 758 2423 Κροῖσος
777 2331 796 2404 δ
812 2340 936 2403 Λυδῶν
956 2361 991 2402 τε
1012 2336 1067 2401 καί

60 2430 177 2501 ἀλλων
196 2431 326 2497 ἐθνέων
346 2428 521 2519 βασιλεύς,
551 2439 689 2518 νομίσας
715 2432 794 2502 τάδε
815 2434 957 2522 μαντήια
983 2432 1067 2500 εἶναι

60 2534 174 2616 μοῦνα
196 2528 234 2596 ἐν
254 2525 486 2617 άνθροέποισι,
507 2527 589 2616 ὑμῖν
612 2555 647 2598 τε
670 2527 744 2609 άξια
766 2535 858 2618 δῶρα
879 2536 981 2599 ἔδωκε
999 2534 1067 2597 τῶν

61 2625 315 2714 ἐξευρημάτων,
330 2629 386 2695 καὶ
401 2632 468 2694 νῦν
482 2625 585 2714 ὑμέας
601 2629 780 2718 ἐπειρωτᾷ,
803 2633 834 2697 εί
848 2626 1066 2717 στρατεύηται

62 2729 118 2798 ἐπὶ
123 2730 255 2816 Πέρσας
265 2730 321 2798 καὶ
333 2737 367 2798 εί
376 2754 453 2797 τινα
463 2725 608 2815 στρατόν
621 2725 759 2816 ἀνδρῶν
770 2728 971 2816 προσθέοιτο
978 2724 1066 2810 σύμ·

62 2853 191 2916 μαχον.7
204 2831 249 2896 Οί
261 2828 323 2915 μὲν
337 2832 441 2895 ταῦτα
457 2826 667 2914 ἐπειρώτεον,
683 2825 799 2894 τῶνδέ
815 2828 986 2910 μαντηίων
1000 2818 1067 2908 ἀμ·

63 2927 217 3014 φοτέρων
230 2926 264 3004 ές
278 2921 386 2993 τώυτό
404 2929 441 2993 αί
452 2930 583 3011 γνῶμαι
600 2926 825 3012 συνέδραμον,
842 2922 1066 3010 προλέγουσαι

63 3030 216 3114 Κροίσῳ,
236 3019 281 3110 ήν
302 3022 520 3112 στρατεύηται
545 3023 598 3090 ἐπὶ
619 3024 768 3110 Πέρσας,
791 3019 940 3107 μεγάλην
961 3014 1067 3107 ἀρχήν

63 3147 125 3210 μιν
134 3118 348 3192 καταλύσειν·
367 3118 447 3201 τούς
467 3123 503 3189 δέ
513 3119 683 3208 Ἑλλήνων
697 3117 950 3197 δυνατωτάτους
965 3137 1067 3187 συνε-

63 3219 235 3308 βούλευόν
250 3225 285 3290 οί
298 3218 477 3308 ἐξευρόντα
495 3223 614 3305 φίλους
631 3218 852 3305 προσθέσθαι.
879 3213 1004 3283 Ἐπείτε
1033 3216 1069 3282 δὲ
1081 3228 1115 3282 ολ
1141 3234 1143 3241 ’

64 3317 304 3405 ἀνενειχθέντα
318 3315 359 3386 τά
374 3317 567 3405 θεοπρόπια
582 3316 728 3407 ἐπύθετο
744 3311 762 3383 ὁ
779 3321 941 3402 Κροῖσος,
964 3310 1068 3399 ὑπερ-
1092 3314 1098 3320 '

63 3421 156 3508 ήσθη
171 3444 206 3485 τε
221 3416 309 3485 τοῖσι
321 3423 564 3506 χρηστηρίοισι,
587 3415 698 3501 πάγχυ
718 3439 753 3480 τε
774 3413 908 3489 ἐλπίσας
924 3407 1067 3477 καταλύ-
