2354 3840
139 259 203 322 m
516 263 770 322 monor}

139 424 285 508 Πέρσησι
303 425 359 489 καὶ
372 427 437 498 πύς
454 423 490 487 ἐκ
505 425 677 488 Φοινίκων
690 418 813 506 ἤρτητο
834 419 853 489 ὁ
870 420 1032 502 ναυτικὸς
1044 413 1145 506 στρι-

138 520 204 598 τός.
224 518 339 598 δόντες
349 521 386 588 δὲ
397 523 452 586 καὶ
462 520 615 604 Κύπριοί
621 539 727 606 σφεας
737 517 1019 608 αύτούςΠέρσῃσι
1029 523 1144 605 ἐστρα-

91 635 127 688 20
139 618 277 687 τεύοντο
292 615 345 685 ἐπ’
361 627 545 702 Αἴγυπτον.
594 614 719 687 Ἐπείτε
739 616 776 684 δὲ
795 625 842 707 τῷ
856 618 1025 706 Καμβύσῃ
1038 620 1077 684 ἐκ
1090 624 1145 704 τῆς

137 723 368 803 Ελεφαντίνης
388 715 548 784 ἀπίκοντο
569 720 605 783 os
618 713 851 801 Ἰχθυοφάγοι,
874 722 1001 801 ἔπεμπε
1022 713 1144 793 αύτούς

70 880 79 889 ,
137 815 170 890 ές
189 811 268 891 τούς
281 820 450 892 Αίθίοπας
471 809 702 900 ἐντειλάμενός
723 839 756 880 τε
778 808 818 879 τὰ
840 818 952 900 λέγειν
967 822 1072 901 χρῆν,
1092 814 1144 880 καὶ

137 917 228 997 θύρα
249 916 412 1000 φέροντας
435 913 634 998 πορφύρεόν
656 938 691 980 τε
713 909 788 999 εἷμα
808 917 865 981 καὶ
882 913 1030 999 χρύσεον
1049 933 1143 997 στρε·

136 1010 223 1081 πτὸν
237 1014 473 1099 περιαυχένιον
487 1016 542 1080 καὶ
556 1014 655 1091 ψέλια
668 1013 724 1079 καὶ
736 1013 851 1097 μύρου
862 1010 1078 1098 ἀλάβαστρον
1091 1010 1143 1076 καὶ

137 1116 330 1197 φοινικηίου
348 1120 445 1179 οίνου
460 1111 574 1178 κάόον.
599 1114 635 1178 oc
645 1110 683 1177 δέ
696 1117 860 1188 Αίθίοτες
880 1103 992 1195 οὗτοι,
1015 1107 1142 1188 ἐςτούς

136 1207 308 1298 ἀπέπεμπε
319 1207 337 1278 ὁ
349 1210 544 1296 Καμβύσης,
559 1212 713 1294 λέγονται
728 1207 814 1276 εἶναι
826 1211 976 1295 μέγιστοι
991 1211 1048 1276 καὶ
1062 1207 1136 1275 κύλ-

137 1316 244 1376 λιστοι
259 1304 454 1393 ἀνθρώπων
471 1305 617 1374 πάντων.
640 1306 775 1391 νόμοισι
793 1306 830 1373 δὲ
846 1307 902 1374 καί
916 1303 1048 1373 ἀλλοισι
1062 1311 1139 1391 205-

135 1414 217 1472 σθαι
238 1402 361 1482 αύτούς
382 1424 465 1489 φασι
487 1407 760 1488 κεχωρισμένοισι
782 1412 851 1471 τῶν
873 1404 987 1472 ἀλλων
1003 1402 1139 1489 ἀνθρύ-

135 1528 220 1587 πων,
235 1505 290 1569 καὶ
301 1500 341 1588 δὴ
353 1506 408 1569 καὶ
423 1499 506 1570 κατὰ
522 1500 584 1587 την
597 1510 775 1591 βασιληίην
785 1509 919 1595 τοιῷδε·
941 1502 1004 1571 τὸν
1016 1499 1062 1571 ἀν
1075 1509 1140 1570 τοῖν

136 1599 246 1668 ἀστῶν
264 1605 403 1685 κρίνωσι
423 1601 581 1686 μέγιστόν
595 1628 631 1669 τε
652 1600 737 1670 εἶναι
758 1606 813 1671 καὶ
833 1601 917 1670 κατά
933 1599 972 1669 τό
993 1605 1140 1687 μέγαθος

88 1718 117 1772 θΙ
137 1698 296 1787 ἔχειντὴν
309 1698 417 1785 ἰσχύν,
431 1707 552 1766 τοῦτον
565 1698 695 1780 ἀξιοῦσι
708 1702 909 1788 βασιλεύειν.
939 1697 990 1778 Ἐς
1001 1699 1139 1776 τούτους

136 1797 176 1885 δὴ
194 1790 243 1866 dv
259 1794 338 1875 τούς
352 1794 477 1883 ἀνδρας
492 1794 536 1876 ὡς
551 1795 710 1867 ἀπίκοντο
726 1805 761 1868 os
775 1797 1010 1886 Ἰχθυοφάγοι,
1026 1797 1138 1867 διδόν-

134 1923 187 1976 τες
204 1895 244 1964 τά
262 1901 353 1980 θύρα
369 1904 416 1986 τῷ
432 1900 564 1983 βασιλέι
582 1894 695 1965 αύτιόν
709 1905 826 1985 ἔλεγον
843 1898 940 1966 τόδε·
975 1894 1138 1974 Βασιλεύς

135 1994 327 2080 ὁΠερσέων
342 1994 526 2082 Καμβύσης
547 1996 754 2082 βουλόμενος
775 2005 872 2085 φίλος
891 2024 942 2065 τοι
962 2001 1019 2065 καὶ
1034 2000 1137 2076 ξεῖνος

134 2096 294 2178 γενέσθαι
313 2090 415 2179 ἡμέας
435 2118 472 2159 τε
491 2090 664 2181 ἀπέπεμψε
684 2097 717 2174 ές
737 2094 859 2182 λόγους
878 2120 930 2162 τοι
951 2096 1067 2162 ἐλθεῖν
1083 2119 1137 2160 κε-

136 2188 262 2273 λεύων,
284 2192 340 2257 καὶ
353 2193 445 2275 δῶρα
463 2191 569 2258 ταύτά
588 2217 640 2260 τοι
658 2197 760 2279 όιόοῑ,
782 2209 866 2262 τοῖσι
883 2196 938 2261 καὶ
954 2190 1058 2272 αύτός
1073 2191 1136 2280 μα’-

136 2297 231 2355 λιστα
253 2285 367 2373 ἥδεται
398 2287 585 2373 χρεόμενος.
632 2287 668 2359 ‘0
698 2293 735 2358 δὲ
754 2297 884 2372 Αόθίοφ
914 2288 1056 2376 μαθων,
1086 2288 1135 2358 ὅτι

135 2386 295 2456 κατόπται
320 2384 453 2474 ἥκοιεν,
474 2390 563 2473 λέγει
585 2385 669 2474 πρός
690 2386 813 2468 αύτούς
839 2389 968 2457 τοιοίδε·
1002 2387 1091 2457 Οὔτε
1117 2384 1135 2456 ὁ

135 2489 291 2573 Περσέων
307 2483 463 2571 βασιλεύς
485 2490 576 2568 δῶρα
597 2484 700 2571 ὑμέας
722 2492 848 2573 έπεμψε
864 2490 1029 2572 φέροντας
1051 2512 1136 2573 προ-

134 2587 253 2671 τιμέων
261 2587 389 2652 πολλοῦ
400 2581 474 2666 ἐμοὶ
487 2588 592 2664 ξεῖνος
610 2587 787 2670 γενέσθαι,
808 2583 886 2651 ούτε
910 2581 1006 2670 ὑμεῖς
1023 2585 1136 2670 λέγετε

132 2681 260 2768 ἀληθέα
275 2679 385 2769 (ἥκετε
401 2679 466 2767 χάρ
483 2682 644 2749 κατόπται
658 2689 716 2768 τῆς
730 2684 809 2768 ἐμῆς
823 2679 938 2768 ἀρχῆς)
954 2679 1032 2748 οὔτε
1048 2683 1132 2749 έκεῖ-

132 2805 190 2857 νος
205 2775 291 2866 ἀνήρ
307 2780 374 2846 ἐστι
389 2781 531 2857 δίκαιος·
553 2785 584 2846 εἰ
602 2779 667 2865 γὰρ
681 2773 725 2866 ἦν
739 2783 882 2865 δίκαιος,
905 2777 978 2847 οὔτ’
998 2775 1043 2846 ἀν
1058 2783 1135 2846 έπε-

132 2880 265 2965 θύμησε
283 2876 393 2963 χύρης
414 2875 515 2963 ἄλλης
529 2873 552 2964 ἦ
566 2885 624 2964 τῆς
645 2882 788 2962 ἑωυτοῦ,
811 2875 884 2944 οὔτ’
902 2873 946 2944 ἀν
960 2880 994 2955 ές
1011 2881 1134 2944 δουλο-

131 2979 240 3066 σύνην
253 2977 459 3064 ἀνθρώπους
472 2972 551 3065 ἦγε,
568 2975 627 3045 ὑπ’
648 2971 696 3046 όν
712 2978 817 3065 μηδὲν
829 2975 990 3064 ἠδίκηται.
1014 2984 1080 3045 νύν
1096 2976 1133 3044 δὲ

130 3074 220 3167 αύτῷ
240 3079 338 3158 τόξον
355 3078 431 3146 τόθι
453 3076 602 3154 διδόντες
623 3077 702 3144 τόδε
725 3082 805 3143 ἔπεα
824 3079 952 3160 λέγετε·
974 3071 1132 3160 βασιλεύς

130 3171 148 3242 ὁ
172 3175 349 3242 Αίθιόπωυ
367 3173 590 3263 συμβουλεύει
612 3181 658 3264 τῷ
679 3177 838 3259 Περσέων
859 3177 1007 3259 βασιλέι,
1029 3169 1132 3241 έπεάν

129 3268 218 3337 ούτω
239 3268 399 3350 εὐπετέως
421 3274 540 3339 ἕλκωσι
560 3269 600 3338 τὰ
623 3271 701 3352 τόξα
720 3273 848 3359 Πέρσαι
868 3271 967 3339 ἐόντα
988 3269 1134 3358 μεχάθετ

15 3386 19 3391 ’
128 3373 288 3455 τοσαῦτα,
314 3369 388 3438 τότε
416 3368 469 3437 ἐπ’
491 3376 659 3450 Αίθίοπας
679 3371 759 3451 τούς
781 3379 986 3459 μακροβίους
1006 3372 1134 3461 πλήθεϊ

57 3462 423 3616 ῃβαλλόμενον
439 3469 696 3552 στρατεύεσθαι·
718 3472 811 3557 μέχρι
826 3473 863 3538 δὲ
880 3469 1004 3538 τούτου
1018 3483 1130 3541 θεοῖσι
