2354 3840
307 200 389 257 ιιε.
419 200 439 255 1.
474 197 575 256 σιν.
609 204 783 258 ιιι-ιιι.
1024 192 1065 261 'n

57 360 337 447 κατεργασμένων
363 363 432 425 τῶν
457 356 663 443 πρηγμάτων
691 350 778 443 ἦσαν
803 361 927 443 ἑτοῖμοι
948 367 1067 427 πείθε-

8 490 12 495 ·
57 468 142 527 σθαι
161 457 277 548 Κόρην.
318 453 421 543 ὁμὲν
445 454 486 543 δη
510 454 594 545 ὀργῇ
614 457 771 543 ἐχόμενος
791 460 887 543 έλεγέ
900 478 961 545 σφι
974 460 1065 546 τάδε,

50 556 164 634 Ἴωνες
181 555 219 624 δέ
234 552 278 635 ὧς
290 554 442 644 ἥκουσαν
456 557 587 624 τούτων
601 554 867 642 ἀνενειχθέντων
882 562 915 638 ές
929 557 988 638 τὰς
1002 560 1066 626 πό·

58 664 126 739 λις,
165 653 276 741 τείχεά
289 679 325 722 τε
338 656 599 743 περιεβάλλοντο
614 658 758 742 ἕκαστοι,
773 659 829 724 καί
846 662 1066 744 συνελέγοντο

59 759 91 835 ές
103 753 303 825 Πανιώνιον
320 760 356 823 ot
367 754 464 825 άλλοι
481 754 569 843 πλην
586 763 782 841 Μιλησίων·
819 753 904 841 πρὸς
917 757 1067 841 μούνους

59 854 123 941 γὰρ
147 853 291 933 τούτους
315 853 433 938 ὅρκιον
455 862 570 940 Κῦρος
595 855 772 940 ἐποιήσατο
799 852 848 921 ἐπ’
875 850 945 922 οἷσί
962 879 1025 940 περ
1048 851 1066 921 ὁ

61 951 182 1029 Λυδός.
224 966 309 1021 τοῖσι
329 955 367 1021 δέ
388 961 534 1022 λοιποῖσι
545 953 638 1022 Ἴωσι
653 957 744 1033 ἔδοξε
759 960 862 1044 κοινῷ
877 952 967 1045 λόγῳ
982 958 1068 1038 πέμ

60 1076 137 1120 πειν
158 1047 321 1137 άγγέλους
341 1053 375 1131 ές
397 1053 562 1139 Σπάρτην
609 1054 832 1138 δεησομένους
851 1052 942 1120 Ἴωσι
962 1076 1068 1137 τιμω-

61 1157 160 1240 ρέειν.
207 1156 252 1220 Os
263 1151 300 1220 δέ
312 1150 425 1233 Ἴωνες
442 1144 554 1237 οὗτοι,
568 1159 637 1219 τῶν
654 1154 709 1219 καὶ
724 1150 762 1219 τό
776 1150 973 1219 Πανιώνιον
987 1153 1066 1235 ἐστι,
1086 1150 1135 1204 1έῖ

60 1259 121 1321 τοῦ
134 1252 199 1338 μὲν
214 1248 365 1337 οὐρανοῦ
384 1255 440 1321 καί
461 1259 530 1319 τῶν
546 1248 661 1335 ὡρέων
677 1253 714 1317 ἐν
727 1257 773 1340 τῷ
789 1256 953 1340 καλλίστω
967 1250 1067 1334 έτόγ-

13 1374 23 1385 ·
60 1376 166 1439 χανον
193 1346 416 1439 ’ἱδρυσάμενοι
462 1349 557 1430 πόλις
605 1349 743 1415 πάντων
773 1344 970 1436 άνθριέπων
998 1352 1067 1412 τῶν

60 1450 155 1541 ἡμεῖς
172 1457 280 1538 ἴδμεν.
310 1449 468 1537 οὔτεγὰρ
482 1447 523 1517 τὰ
541 1447 614 1515 άνω
628 1445 731 1533 αὐτῆς
746 1452 850 1532 χωρία
863 1441 971 1513 τάυτό
989 1469 1067 1512 ποι-

62 1557 109 1622 έει
121 1560 164 1642 τῇ
174 1551 282 1641 Ἰωνίη
295 1550 374 1621 οὕτε
387 1548 429 1619 τά
443 1550 552 1636 κάτω,
577 1547 658 1617 οὔτε
677 1546 717 1615 τά
739 1544 825 1629 πρός
840 1543 903 1633 τὴν
922 1543 972 1634 ἠῶ
989 1543 1067 1614 οὔτε

59 1649 102 1719 τά
121 1647 207 1735 πρὸς
228 1647 292 1737 τὴν
311 1651 472 1735 ἑσπέρην,
497 1646 538 1716 τά
563 1650 626 1733 μὲν
647 1645 714 1714 ὑπὸ
733 1652 795 1713 τοῦ
810 1651 943 1732 ψυχροῦ
962 1670 999 1713 τε
1013 1646 1068 1711 καὶ

61 1747 173 1837 έιγροῦ
188 1747 383 1834 πιεζόμενοι,
399 1746 439 1816 τά
455 1751 492 1815 δὲ
505 1744 573 1814 ὑπὸ
591 1753 652 1813 τοῦ
667 1751 800 1832 θερμοῦ
813 1771 848 1812 τε
864 1748 919 1812 καὶ
932 1739 1068 1828 αόχμοέ-

62 1853 146 1926 δεος.
176 1852 333 1932 γλῶσσαν
344 1848 381 1913 δέ
392 1842 435 1913 οὐ
450 1844 513 1932 τὴν
529 1842 637 1933 αὐτὴν
652 1836 747 1912 οὗτοι
762 1850 969 1931 νενομίκασι,
982 1838 1067 1909 άλλά

63 1944 209 2031 τρόπους
231 1946 387 2031 τέσσερας
410 1947 647 2032 παραγωγέων.
692 1949 842 2030 Μίλητος
861 1944 924 2028 μὲν
955 1940 1069 2010 αὐτῶν

62 2042 179 2130 κράτη
199 2044 309 2109 κέεται
331 2041 428 2120 πόλις
448 2040 533 2127 πρός
548 2050 774 2130 μεσαμβρίην,
796 2039 878 2129 μετά
893 2045 930 2109 δέ
946 2047 1069 2117 Μυοῦς

62 2167 97 2210 τε
125 2141 183 2209 καὶ
200 2138 351 2228 Πριήνη·
379 2133 479 2208 αὗται
503 2140 566 2227 μέν
591 2143 628 2209 ἐν
652 2147 693 2230 τῇ
719 2149 828 2229 Καρίη
864 2144 1069 2211 κατοικέαται

62 2236 148 2309 κατά
167 2235 274 2305 ταύτά
296 2239 531 2325 διαλεγόμεναι
551 2246 663 2325 σφίσι,
698 2243 771 2307 αἵδε
786 2240 822 2308 δὲ
835 2244 873 2308 έν
888 2247 927 2328 τῇ
943 2244 1067 2327 Λυδίη

56 2336 215 2424 ἰλέφεσος,
236 2335 422 2423 Κολοφὼν,
440 2341 603 2425 Λέβεδος,
622 2342 727 2425 Τέως,
743 2342 968 2425 Κλαζομεναὶ,
990 2337 1069 2406 Φά-

63 2462 152 2505 καιιι.
195 2427 295 2504 αὗται
327 2440 364 2504 δὲ
388 2442 425 2505 αί
446 2439 561 2516 πόλιες
586 2446 660 2526 τῇσι
687 2440 854 2526 πρότερον
880 2444 1069 2525 λεχθείσῃσι

64 2532 286 2622 ὁμολογέουσι
307 2532 390 2602 κατά
406 2543 563 2621 γλῶσσαν
583 2535 701 2622 οὐδέν,
731 2544 823 2623 σφίσι
841 2539 877 2607 δέ
891 2535 1070 2624 ὁμοφωνέ-

63 2652 151 2701 ουσι.
190 2637 238 2698 έτι
260 2630 298 2699 δὲ
310 2647 398 2719 τρεῖς
415 2631 596 2703 ὑπόλοιποι
611 2632 713 2714 Ἰάδες
727 2636 857 2723 πόλιες,
874 2644 944 2704 τῶν
959 2642 995 2705 αί
1007 2636 1070 2703 δύο

63 2731 125 2820 μὲν
142 2729 267 2818 νήσους
289 2735 451 2819 οἰκέαται,
477 2733 597 2820 Σάμον
614 2759 650 2801 τε
664 2738 719 2802 καί
731 2741 834 2822 Χίον,
859 2731 880 2822 ἡ
905 2738 941 2803 δέ
958 2741 1016 2822 μία
1034 2737 1071 2802 έν

62 2838 104 2921 τῇ
116 2827 245 2918 ἠπείρῳ
258 2832 407 2918 ἵδρυται,
428 2829 597 2917 Ἐρυθραί.
644 2841 720 2902 Χῖοι
743 2834 806 2919 μέν
822 2860 890 2901 νυν
906 2836 961 2900 καὶ
974 2831 1071 2916 Ἐρυ-

62 2943 181 3016 θραῖοι
196 2928 279 2999 κατὰ
293 2927 400 2998 τώυτό
416 2934 644 3017 διαλέγονται,
664 2932 790 3016 Σάμιοι
811 2933 848 2999 δέ
869 2929 916 2997 ἐπ’
936 2933 1071 2998 ἑωυτῶν

63 3034 197 3115 μοῦνοι.
234 3020 329 3096 οὗτοι
350 3036 554 3115 χαρακτῆρες
575 3031 729 3117 γλώσσης
741 3034 894 3118 τέσσερες
908 3036 1068 3115 γίνονται.

67 3128 208 3200 Τούτων
233 3126 275 3216 δὴ
302 3122 351 3196 οἶν
376 3127 577 3197 τῶνἸαέυων
601 3136 636 3199 οἱ
655 3130 818 3217 Μιλήσιοι
844 3130 906 3214 μὲν
925 3121 1013 3215 ἦσαν
1034 3131 1072 3197 έν
1090 3135 1140 3189 Ῑλδ

64 3234 172 3320 σκέπη
187 3235 250 3297 τοῦ
263 3229 392 3315 φόβου,
414 3226 532 3317 ὅρκιον
546 3231 784 3316 ποιησάμενοι,
805 3242 891 3297 τοῖσι
909 3227 946 3296 δὲ
959 3225 1071 3295 αὐτῶν

63 3329 248 3417 νησιάτησι
266 3319 312 3414 ἦν
332 3325 446 3395 δεινόν
466 3324 585 3397 οὐδέν·
621 3327 699 3396 οὔτε
719 3328 785 3415 γὰρ
809 3334 964 3406 Φοίνικες
983 3320 1082 3412 ἦσαν·

64 3459 113 3501 κω
128 3439 289 3511 Περσεων
310 3428 467 3514 κατήκοοι
489 3425 566 3496 οὔτε
587 3426 681 3495 αὐτοὶ
702 3433 736 3496 οέ
749 3430 874 3511 Πέρσαι
895 3424 1069 3506 ναυβάται.
