2354 3840
233 214 318 274 ιῐε.
350 217 371 272 1.
404 214 504 272 σιν.
539 221 710 276 ιω-ιοο,
934 206 975 276 57

42 372 232 462 Μαιήτιδος
252 375 303 443 ἐπὶ
319 366 431 443 Φᾶσιδ
452 370 603 459 ποταμόν
617 374 671 440 καὶ
686 375 718 451 ἐς
734 372 883 461 Κόλχους
902 397 975 456 τρι-

42 474 96 538 ντα
117 467 269 558 ἡμερέων
289 468 421 562 εύζοίνχο
447 467 542 556 ὁδός,
563 472 600 538 ἐκ
621 472 657 538 δὲ
677 478 735 558 τῆς
749 472 910 556 Κολχίδος
933 464 975 536 ού

42 567 99 638 λόυ
112 566 300 656 ὑπερβῆναι
327 570 361 648 ἐς
383 565 446 654 τὴν
472 568 650 654 Μηδικηύ,
676 564 753 638 ἀλλ’
787 571 825 636 ἓν
849 563 887 634 τό
918 561 973 634 διά

42 696 75 737 ιυ
91 676 192 748 ἔθνος
213 666 326 737 αὐτῶν
347 670 430 755 ἐστὶ,
458 667 662 754 Σάσπειρες,
683 675 783 737 τοῦτο
810 669 846 736 δὲ
867 692 974 753 παρα-

42 770 198 852 λομέυοισι
214 764 298 848 εἶναι
313 768 351 834 ἐν
365 772 405 853 τῇ
422 770 567 853 Μηδικῇ.
599 762 641 834 ού
654 770 768 852 μέντοι
783 770 817 833 ολ
829 793 866 852 γε
878 765 975 834 Σκύ-

51 863 157 952 ταύτη
173 867 351 950 ἐσέβαλον,
372 860 456 931 άλλόι
477 860 540 948 την
560 863 752 947 κατύπερθε
767 860 848 931 ὁδόν
861 867 974 951 πολλῷ

42 969 180 1051 ροτέρην
196 964 453 1051 ἐκτραπόμενοι,
475 965 512 1032 ἐν
534 966 624 1051 δεξιῇ
639 969 768 1048 ἔχοντες
782 960 819 1029 τό
835 960 974 1030 Καυκά-

42 1054 171 1143 ὀύρος
203 1063 353 1130 ἐνθαῦτα
375 1065 409 1129 ολ
423 1061 485 1147 μέν
502 1064 617 1146 Μῆδοι
640 1058 869 1146 συμβαλόντες
889 1073 973 1128 τοῖσι

42 1159 130 1246 ἷθησι
145 1162 199 1227 καλ
214 1162 419 1238 ἑσσωθέντες
439 1165 478 1247 τῇ
493 1157 581 1246 μάχη
592 1165 649 1244 τῆς
669 1155 771 1245 ἀρχῆς
785 1156 974 1243 κατελύθη-

42 1308 50 1341 ,
66 1261 101 1324 οἱ
112 1261 148 1324 δὲ
164 1257 302 1325 Σκύθαι
317 1254 380 1343 τὴν
394 1254 506 1342 Ἀσίην
520 1263 633 1322 πᾶσαν
646 1258 795 1341 ἐπέσχον.
835 1253 974 1324 Ἐνθεῦ-
990 1274 1040 1328 105

42 1354 78 1422 δὲ
91 1351 191 1440 ἤϊσαν
211 1351 264 1421 ἐπ’
282 1362 466 1440 Αἴγυπτον.
510 1357 565 1422 καὶ
580 1356 653 1421 ἐπεί
666 1379 701 1421 τε
715 1355 870 1440 ἐγένοντο
885 1355 922 1420 ἐν
934 1356 974 1440 τῇ

43 1457 176 1537 αιστίυη
191 1457 320 1541 Συρίη,
347 1450 554 1538 Ψαμμίτιχός
569 1471 673 1536 σφεας
688 1451 864 1538 Αἰγύπτου
877 1458 974 1539 βασι·

42 1576 47 1621 .=
70 1544 228 1626 ἀντιάσας
244 1548 386 1636 δοίροισί
395 1574 429 1616 τε
445 1551 500 1616 καί
514 1554 621 1637 λιτῇσι
636 1543 821 1634 ἀποτράπει
835 1546 873 1617 τό
889 1572 972 1635 προ·

42 1650 104 1733 ίρω
127 1644 171 1732 μὴ
196 1645 414 1732 πορεύεσθαι.
458 1649 492 1714 οἱ
518 1646 555 1713 δέ
586 1648 693 1713 ἐπείτε
728 1644 974 1732 ἀναχωρέοντες

42 1765 77 1812 ιω
103 1746 257 1830 ἐγένοντο
285 1751 342 1829 τῆς
363 1750 492 1829 Συρίης
517 1744 554 1809 ἐν
574 1738 759 1810 Ἀσκάλωνι
783 1741 879 1828 πόλι,
906 1747 974 1809 τῶν

42 1839 124 1908 λυωυ
138 1845 308 1910 Σκυθέων
329 1839 607 1923 παρεξελθόντων
629 1837 774 1909 άσινέων
804 1839 910 1927 ὀλίγοι
924 1866 975 1908 τι-

42 1936 148 2005 ιύτων
160 1935 424 2024 ὑπολειφθέντες
436 1938 604 2024 ἐσύλησαν
614 1944 671 2024 τῆς
683 1936 842 2027 ούρανίης
852 1937 975 2025 Ἀφρο-

43 2064 61 2116 ς
83 2034 121 2105 τό
143 2036 228 2122 ίρόν.
273 2043 341 2106 ἐστι
357 2039 393 2107 δέ
406 2045 504 2106 τοῦτο
521 2035 558 2104 τό
580 2034 673 2124 ἱρόν,
700 2037 744 2118 ὡς
760 2037 823 2126 ἐγώ
838 2049 976 2106 πυνθα-

42 2160 112 2216 ευος
126 2133 287 2225 εὑρίσκω,
304 2136 443 2205 πάντων
457 2132 676 2223 ἀρχαιότατον
690 2139 790 2222 ίρολν,
815 2135 878 2204 ὅσα
892 2134 976 2204 ταύ·

50 2232 108 2324 τ”ἠς
129 2243 235 2305 θεοῦ·
276 2239 331 2305 καὶ
356 2233 421 2323 γάρ
442 2233 479 2304 τδ
502 2238 539 2304 ἐν
560 2235 689 2327 Κύπρῳ
711 2235 788 2321 ίρόν
813 2241 975 2307 ἐνθεῦτεν

42 2361 120 2420 ἐτο,
143 2331 187 2414 ὥς
207 2332 303 2402 αύτολ
324 2337 460 2420 λέγουσι
475 2331 642 2421 Κύπριοι,
664 2337 720 2402 καλ
740 2334 778 2403 τό
800 2337 837 2403 ἐν
852 2334 975 2422 Κυθή-

42 2454 58 2501 ἰ
71 2435 225 2509 Φοίνικές
240 2437 302 2500 είσι
319 2437 352 2500 οί
365 2432 586 2520 ίδρυσάμενοι
598 2434 635 2499 ἐκ
645 2432 768 2519 ταύτης
778 2442 835 2520 τῆς
846 2440 975 2520 Συρίης

42 2555 88 2607 ἐς.
132 2543 217 2596 τοῖσι
232 2530 269 2598 δὲ
280 2537 348 2598 τῶν
362 2533 532 2598 Σκυθέων
552 2527 716 2616 συλήσασι
736 2527 773 2597 τό
788 2528 864 2618 ίρόν
878 2529 915 2599 τό
937 2532 975 2599 ἐν

44 2625 148 2695 άλωνι
169 2629 330 2695 καλτοϊοι
355 2627 486 2696 τούτων
508 2629 572 2695 αίελ
593 2624 761 2712 ἐκγόνοισι
777 2622 974 2716 ἐνέσνιηψεὴ

42 2749 49 2799 ς
68 2721 199 2809 θήλεαν
220 2730 356 2792 νοῦσον.
398 2723 484 2793 ὥστε
505 2722 575 2810 όίμα
590 2727 729 2810 λέγουσί
740 2751 775 2793 τε
789 2729 824 2794 oc
835 2725 974 2794 Σκύθαι

42 2817 138 2886 τοῦτό
155 2839 260 2906 σφεας
275 2824 424 2906 νοσέειν,
450 2826 506 2891 καλ
521 2819 607 2906 ὁρᾶν
625 2818 700 2908 παρ’
724 2825 875 2891 ἑωυτοῖσι
894 2818 974 2901 τούς

42 2919 231 3001 ιυεομένους
252 2921 285 2997 ἐς
306 2916 368 3005 τὴν
387 2916 570 3007 Σκυθικὴν
589 2917 703 3005 χοίρην
725 2916 770 2997 ὡς
790 2920 971 3004 διακέαται,

42 3041 47 3087 ι
70 3018 227 3083 καλέουσι
248 3015 388 3100 ἐνάρεας
410 3021 444 3086 οἱ
456 3017 604 3084 Σκύθαι.
647 3013 716 3083 Ἐπὶ
730 3019 792 3100 μέν
805 3031 872 3082 νυν
887 3011 973 3084 όκτοδ
993 3024 1043 3080 106

50 3121 153 3180 είκοσι
180 3117 253 3180 ἔτεα
277 3107 384 3201 ἦρχον
408 3120 467 3201 της
484 3110 593 3200 Ἀσίης
619 3116 653 3180 οί
670 3112 826 3200 Σκύθαι,
854 3117 909 3182 καλ
932 3111 973 3182 τά

42 3239 76 3280 τα
97 3234 158 3297 σφι
181 3210 250 3282 ὑπό
270 3241 305 3282 τε
320 3213 440 3301 ὕβριος
463 3216 519 3284 καλ
540 3210 716 3299 ὀλιγωρίης
736 3209 904 3296 ἀνάστατα
918 3208 970 3305 ἦν.

42 3319 64 3388 ῖς
87 3311 150 3395 μὲν
168 3307 234 3396 γάρ
256 3310 367 3398 φόρον
390 3319 562 3400 ἔπρησσον
584 3306 659 3394 παρ’
676 3308 825 3378 ἑκάστων
838 3309 876 3379 τό
895 3311 976 3385 έκιί-,

42 3427 72 3475 σι
88 3409 288 3496 ἐπέβαλλον,
310 3412 409 3497 χωρὶς
424 3413 460 3478 δὲ
474 3414 535 3477 τοῦ
558 3432 670 3495 φορου
691 3404 843 3494 ἥρπαζον
859 3433 973 3496 περιε-
