2354 3840
145 176 209 240 368
536 179 789 238 HERODOTI
887 245 893 250 1

145 337 274 425 λάβωσι
285 335 366 418 τούς
376 341 517 423 ἑωυτῆς,
529 335 651 423 ἑκάστη
665 334 859 405 ἀντιδάκνει
868 339 925 406 καὶ
934 339 1024 407 οὕτω
1034 344 1124 424 ήίπτε

145 427 240 502 οὗτοι
255 435 291 502 δὲ
307 442 429 522 μοῦνοι
446 436 587 522 Λιβύων
602 442 703 502 τοῦτο
724 436 934 522 ἐργάζονται,
956 444 1013 506 καί
1028 448 1124 530 τῷβι

144 536 232 602 σιλίλ
245 540 369 619 μοῦνοι
383 530 443 612 τάς
456 535 652 616 παρθένους
671 534 858 619 μελλούσας
874 539 1066 603 συνοικέειν
1081 541 1124 604 ἐπι

145 632 357 700 δεικνύουσι·
379 628 403 718 ἢ
424 632 461 699 δὲ
477 627 522 698 ἂν
541 639 588 722 τῷ
608 634 741 720 βασιλέα
762 629 885 719 άρεστή
906 638 1061 720 γένηται,
1086 636 1124 703 ὑπ

144 730 269 797 τούτου
283 729 594 815 διαπαρθενεύεται.
616 730 807 816 παρήκουσι
821 729 859 797 δέ
875 724 969 800 οὗτοι
984 738 1018 800 ολ
1030 731 1124 814 Ἀδυρ

142 830 277 912 μαχίδαι
291 823 349 892 ἄπ’
366 826 542 912 Αἰγύπτου
557 831 653 914 μέχρι
673 828 823 913 λιμένος,
846 835 892 919 τῷ
906 827 1039 917 οὔνομα
1055 839 1124 898 Πλι

78 947 127 1002 169
141 922 202 1001 νός
219 926 297 991 ἐστι.
336 925 527 992 Τούτωνδὲ
538 932 668 1012 ἔχονται
679 926 831 1010 Γιλιγά
836 953 860 1012 μ
866 954 954 1013 μαι,
968 929 1124 1015 νεμόμενα

141 1018 205 1106 τήν
214 1018 300 1104 πρός
313 1023 458 1109 ἕσπέρην
469 1024 583 1110 χάρην
596 1027 689 1110 μέχρι
700 1021 955 1109 Ἀφροδισιάδος
969 1026 1088 1112 νήσου.
1111 1029 1124 1092 ε’

141 1118 179 1186 δὲ
192 1125 238 1208 τῷ
253 1117 376 1205 μεταξύ
397 1122 520 1188 τούτου
540 1121 637 1212 χώρῳ
658 1118 730 1206 ήτε
742 1125 875 1188 Πλατέα
895 1128 999 1208 νῆσος
1020 1125 1124 1190 έπικέε

140 1247 211 1306 ται,
232 1217 296 1307 τήν
317 1226 452 1289 ἔκτισαν
472 1230 677 1309 Κυρηναῖοι,
700 1226 756 1290 καὶ
777 1225 815 1291 έν
831 1230 871 1312 τῇ
889 1220 1017 1316 ήπείρφ
1032 1235 1124 1293 Μενε

139 1319 232 1396 λάῑος
249 1319 352 1405 λιμήν
373 1322 442 1388 ἐστι
458 1323 514 1388 καὶ
526 1319 665 1406 Ἄζιρις,
686 1318 749 1408 τήν
764 1327 799 1388 οί
812 1329 1001 1408 Κυρηναῖοι
1017 1333 1123 1390 οἴκεον

139 1419 194 1484 καὶ
218 1416 255 1484 τό
281 1423 418 1503 σίλφιον
441 1417 575 1504 ἄρχεται
599 1417 664 1486 άπό
689 1421 822 1486 τούτου.
856 1421 1000 1507 παρήκει
1021 1423 1058 1487 δὲ
1080 1419 1124 1486 άπι

137 1517 288 1600 Πλατέης
303 1515 411 1603 νήσου
424 1519 520 1602 μέχρι
533 1524 595 1584 τοῦ
610 1518 772 1602 στόματος
786 1523 845 1602 τῆς
858 1518 1007 1604 Σύρτιος
1018 1519 1057 1585 τό
1074 1528 1124 1587 σίλ-

137 1638 229 1698 φιον.
263 1610 396 1696 νόμοισι
420 1615 456 1680 δὲ
479 1616 632 1699 χρέονται
656 1606 749 1681 οὗτοι
774 1623 1037 1699 παραπλησίοισι
1061 1631 1124 1684 τοῖο

72 1729 120 1784 170
136 1712 285 1793 ἑτέροισι,
342 1718 373 1778 Γ
371 1717 576 1796 ιλιγαμμέων
600 1709 637 1776 δέ
662 1715 791 1796 έχονται
820 1710 858 1777 τὸ
892 1711 989 1795 πρός,
1006 1716 1124 1798 έσπέρη

133 1807 343 1896 Ἀσβύται·
366 1800 460 1875 οὗτοι
480 1805 518 1875 τό
540 1805 625 1890 ὑπὲρ
643 1809 800 1895 Κυρήνης
820 1811 976 1877 οἰκέουσι.
1008 1813 1062 1878 ἐπὶ
1076 1810 1124 1878 θά

136 1916 265 1975 λασσαν
279 1906 316 1973 δέ
333 1904 375 1973 οὐ
392 1908 575 1993 κατήκουσι
587 1904 760 1993 Ἀσβύται·
781 1903 819 1974 τό
830 1905 896 1992 γάρ
907 1907 998 1993 παρά
1011 1911 1124 1977 θάλασΙ

137 2026 201 2074 σαν
216 2013 402 2092 Κυρηναῖοι
417 2008 583 2092 νέμονται.
607 2005 873 2092 τεθριπποβάται
885 2007 922 2074 δὲ
933 2005 996 2074 οόκ
1013 2007 1124 2094 ἥκιστα

136 2102 221 2172 ἀλλὰ
246 2105 389 2188 μάλιστα
410 2106 549 2191 Λιβύων
573 2105 652 2189 είσλ,
679 2103 806 2188 νόμους
829 2104 867 2171 δὲ
891 2103 970 2182 τούς
994 2112 1124 2179 πλεῦνα

72 2228 119 2284 171
136 2205 315 2291 μιμέεσθαι
337 2203 572 2286 ἐπιτηδεύουσι
592 2199 672 2294 τοὺς
691 2209 906 2286 Κυρηναίων.
954 2201 1124 2288 Ἀοβυτέωι

136 2303 173 2371 δὲ
193 2307 322 2388 ἔχονται
346 2298 383 2368 τό
407 2297 492 2386 πρὸς
518 2301 657 2384 ἑσπέρης
680 2295 904 2383 Αὐσχίσαι·
932 2292 1028 2365 οὗτοι
1057 2297 1124 2382 ὑπὲι

133 2401 268 2486 Βάρκης
290 2405 453 2485 οἰκέουσι,
476 2399 677 2485 κατήκοντες
697 2399 750 2464 έπὶ
770 2397 949 2465 θάλασσαν
971 2396 1048 2464 κατ’
1073 2396 1124 2465 Ea}

136 2503 319 2581 εσπερίδας.
363 2494 560 2584 Αὐσχισέων
574 2495 610 2562 δὲ
627 2491 709 2560 κατά
726 2496 829 2579 μέσον
848 2502 905 2580 τῆς
925 2493 1037 2580 χιόρης
1054 2497 1124 2563 οίκέ

135 2620 212 2668 ουσι
226 2599 430 2684 Βάκαλες,
454 2594 571 2682 ὀλίγον
585 2600 702 2679 ἔθνος,
725 2593 925 2678 κατήκοντες
939 2596 993 2660 ἐπὶ
1006 2595 1124 2662 θάλασ-

134 2719 199 2767 σαν
223 2696 307 2765 κατὰ
331 2696 497 2781 Ταύχειρα
524 2694 625 2761 πόλιν
648 2698 706 2777 τῆς
727 2698 909 2777 Βαρκαίης·
941 2691 1079 2777 νόμοισι
1102 2691 1124 2757 δέ

70 2815 117 2871 172
131 2813 218 2866 τοῖσι
233 2794 363 2864 αὐτοῖσι
377 2799 530 2880 χρέονται
544 2807 629 2860 τοῖσι
644 2793 700 2859 καὶ
713 2796 748 2858 οἱ
761 2789 845 2876 ὑπὲρ
862 2792 1032 2877 Κυρήνης.
1067 2788 1124 2860 Αό

134 2902 275 2986 σχισέων
290 2896 326 2964 δὲ
342 2897 471 2964 τούτων
486 2893 523 2962 τό
539 2891 623 2980 πρὸς
639 2894 778 2980 ἑσπέρης
792 2898 921 2978 ἔχονται
937 2899 976 2958 Ν
979 2913 1058 2959 ασα
1064 2899 1124 2979 μέν

132 3023 219 3082 νες,
241 3000 342 3072 ἔθνος
359 2991 417 3061 ἐόν
431 2991 575 3078 πολλόν,
598 2998 631 3058 οἳ
642 2988 680 3058 τό
695 2995 799 3079 θέρος
813 2997 1071 3071 καταλείποντες
1088 2992 1124 3058 έπὲ

132 3105 173 3185 τῇ
185 3094 342 3182 θαλάσση
358 3092 398 3161 τά
418 3094 570 3182 πρόβατα
590 3091 812 3180 ἀναβαίνουσι
833 3097 866 3171 ές
879 3089 1013 3178 Αὔγιλα
1029 3103 1124 3180 χῶροι

134 3193 356 3282 ὀπωριεῦντες
372 3193 451 3272 τούς
472 3201 643 3278 φοίνικας·
665 3196 700 3259 οἱ
717 3191 754 3260 δὲ
776 3194 893 3259 πολλοὶ
916 3192 971 3258 καὶ
988 3189 1124 3279 ἀμφιλα·

134 3296 212 3381 φέες
225 3292 413 3380 πεφύκασι,
426 3295 549 3371 πάντες
563 3292 673 3369 ἐόντες
688 3291 908 3377 καρποφόροι,
931 3287 1011 3367 τοὺς
1030 3290 1068 3357 δέ
1083 3286 1124 3359 ἆτ·

102 3476 106 3481 Ι
134 3396 289 3478 τελέβους
303 3388 406 3457 έπεάν
424 3389 636 3477 θηρεύσωσι,
660 3386 844 3474 αὐήναντες
865 3388 949 3472 πρός
964 3386 1027 3455 τόν
1041 3389 1124 3474 ἣλιοι
