2354 3840
106 211 148 274 28
273 250 275 255 ,
437 306 440 311 .
479 218 732 277 HERODOTI

108 378 171 462 μέν
185 389 328 463 γυναῖκα
344 373 544 447 τεκνοποιόν
560 374 604 464 μὴ
630 375 807 465 άγεσθαι’
791 403 823 456 ες
838 403 877 445 τα
866 369 999 463 οίκία,
1025 380 1057 444 εί
1077 379 1118 444 θὶ

107 478 265 569 τυγχάνει
282 483 377 563 έχων,
400 476 591 565 θειότερα
555 504 618 565 την
632 493 776 566 γυναῖκα
791 481 987 564 ἐκπέμπειν,
1008 477 1067 542 καὶ
1087 483 1120 542 εί

107 584 156 655 τίς
171 580 205 644 οί
218 575 376 661 τυγχάνει
397 572 463 645 έάν
477 591 570 663 παῖς,
594 584 716 645 τοῦτον
732 573 948 646 ἀπείπασθαι.
982 569 1047 642 οὐκ
1064 564 1118 641 οἶν
1140 594 1143 633 ἰ

107 704 211 745 ταυτα
232 679 495 763 παραινέσαντος
519 684 671 756 Χίλωνος
690 685 871 747 πείθεσθαι
897 678 1030 744 ἐθέλειν
1052 671 1118 743 τόν

101 774 336 864 Ἱπποκράτεα,
356 781 516 864 γενέσθαι
531 781 565 846 οί
578 773 659 863 μετά
674 783 777 845 ταῦτα
793 771 854 842 τόν
869 780 1119 858 Πεισίστρατον

109 881 247 961 τοῦτον,
268 871 305 955 ὃς
320 875 564 956 στασιαζόντων
579 883 648 942 τῶν
662 874 825 960 παράλων
846 873 900 940 καλ
916 877 985 939 τῶν
999 871 1038 938 ἐκ
1051 867 1119 939 του

109 976 227 1041 πεθίου
237 970 436 1062 Ἀθηναίων,
454 978 509 1044 καλ
524 981 592 1044 τῶν
605 977 667 1061 μὲν
682 978 905 1060 προεστεῶτος
916 973 1118 1056 Μεγακλέος

109 1077 171 1138 τοῦ
192 1068 412 1159 Ἀλκμέωνος,
431 1080 500 1141 τῶν
515 1075 552 1142 δὲ
568 1076 604 1142 έκ
618 1078 680 1141 τοῦ
694 1075 812 1141 πεδίον
829 1068 1036 1155 Λυκούργου
1051 1076 1117 1136 τοῦ

105 1169 367 1259 Ἀριστολαΐδεω,
380 1175 636 1260 καταφρονήσας
645 1169 897 1260 τὴντυραννίόα
911 1169 1026 1257 ἤγειρε
1041 1178 1116 1258 τρί-

109 1296 171 1355 την
193 1268 328 1355 στάσιν,
351 1276 509 1353 συλλέξας
531 1274 567 1342 δὲ
591 1271 774 1349 στασιώτας
794 1273 849 1338 καὶ
871 1277 917 1359 τῷ
939 1269 1029 1361 λόγῳ
1044 1277 1114 1338 τῶν

109 1367 323 1456 ὑπερακρίων
329 1367 666 1458 προστάςμηχανάται
672 1370 785 1439 τοιάδε
795 1393 802 1407 ·
814 1375 1020 1456 τρωματίσας
1027 1369 1116 1436 έωυ-

108 1468 169 1536 τόν
183 1494 219 1535 τε
233 1469 288 1535 καί
308 1465 471 1555 ἡμιόνους
491 1468 594 1555 ἤλασε
609 1471 642 1547 ές
661 1465 724 1554 τὴν
737 1462 867 1553 άγορην
882 1463 919 1533 τό
937 1471 1052 1552 ζεῦγος
1070 1462 1115 1543 ὥς

30 1636 32 1640 ,
109 1562 323 1653 έκπεφευγως
344 1565 424 1645 τοὺς
444 1563 665 1652 έχθρούς,”
630 1593 662 1633 οι
682 1593 741 1652 μιν
757 1563 973 1634 έλαόνοντα’
956 1589 989 1642 ες
1004 1560 1113 1649 άγρόν

108 1661 279 1750 ἠθέλησαν
293 1659 452 1733 ἀπολέσαι
464 1669 583 1750 δῆθεν,
600 1663 708 1733 ἐδέετό
716 1691 752 1733 τε
762 1690 823 1731 του
809 1661 944 1750 θήμου
959 1660 1115 1764 φυλακῆς

109 1788 200 1882 τινρς
213 1758 297 1843 πρός
312 1759 419 1829 αὐτοῦ
433 1769 588 1850 κυρῆσαι,
603 1762 770 1850 πρότερον
785 1759 1007 1848 εὐδοκιμήσας
1019 1763 1057 1827 έν
1073 1787 1114 1849 τη

109 1885 193 1985 πρρς
207 1862 385 1946 Μεγαρέας
405 1862 570 1949 γενομένῃ
590 1867 786 1949 στρατηγίη,
809 1860 960 1929 Νίσαιάν
974 1884 1009 1926 τε
1025 1853 1114 1926 έλών

110 1985 164 2025 και
153 1953 263 2026 άλλα
278 1954 524 2044 ἀποδεξάμενος
538 1959 666 2046 μεγάλα
681 1956 815 2044 ἔργα.
801 1985 819 2027 ο
838 1959 873 2026 δε
890 1951 1023 2045 όῆμος’
1009 1982 1027 2024 ο
1042 1960 1114 2023 τῶν

105 2053 296 2142 Ἀθηναίων
311 2057 528 2143 ἐξαπατηθείς
549 2060 656 2126 έθωκέ
669 2061 704 2125 οί
724 2063 792 2125 τῶν
806 2054 918 2125 οἰστῶν
933 2059 1114 2135 καταλέξας

109 2150 1114 2273 άνόραςτριηκοσίους,οθθορυφόρωμὶνρόκέγένοντοΠεισι-

108 2248 269 2333 στράτου,
286 2252 518 2336 κορυνηφόροι
536 2255 588 2319 δέ·
614 2253 724 2332 ξυλωυ
737 2249 803 2338 γάρ
817 2251 968 2373 κορύνας
981 2257 1114 2336 ἔχοντες

108 2352 242 2415 εἵποντο
236 2346 324 2416 ”ὀί
305 2359 435 2417 οπισθε.
458 2350 771 2429 συνεπαναστάντες
786 2341 879 2416 δέ
836 2375 930 2416 ουτοι
945 2345 1013 2434 άμα
1028 2356 1114 2419 Πει-

107 2448 271 2540 σιστράτω
286 2445 433 2535 ἔσχον
397 2477 459 2537 την
474 2447 668 2536 άκρόπολιν.
692 2457 777 2520 ἔνθα
792 2447 833 2536 θη
848 2438 1114 2532 όΠειοίστρατος

106 2538 186 2632 ἦρχε
194 2544 396 2633 Ἀθηναίων,
411 2546 488 2615 οὔτε
499 2545 596 2634 τιμάς
609 2545 669 2626 τάς
679 2548 799 2626 έοόσας
813 2543 1070 2630 συνταράξας
1033 2544 1113 2614 ου’τε

106 2648 230 2730 θέσμια
244 2646 464 2732 μεταλλάξας,
488 2649 545 2716 έπί
563 2674 598 2715 τε
620 2662 705 2716 τοῑσι
719 2667 917 2715 κατεστεωσι
939 2651 1035 2731 ἔνεμε
1048 2671 1114 2764 την

59 2743 207 2813 θυπόλιν
228 2746 381 2829 κοσμέων
403 2751 511 2822 καλῶς
533 2739 707 2814 τεκαὶ
668 2773 717 2815 ευ.
754 2742 851 2813 Μετά
870 2746 906 2811 δὲ
927 2769 969 2810 ου
958 2739 1114 2813 ’πολλόν

104 2839 230 2927 χρόνον
245 2836 353 2909 τώυτό
372 2841 603 2928 φρονήσαντες
618 2847 654 2910 οἳ
667 2870 703 2912 τε
713 2851 774 2910 τοῦ
785 2843 981 2928 Μεγακλέος
995 2860 1114 2910 στασι-

106 2944 187 3006 ῶται
202 2939 257 3006 καὶ
271 2941 306 3005 οί
316 2944 378 3006 τοῦ
391 2938 597 3026 Αυκοόργον
610 2940 830 3020 ἐξελαύνουσί
841 2965 909 3025 μιν.
943 2936 1033 3006 οὕτω
1048 2938 1114 3025 μὲν

106 3041 344 3124 Πεισίστρατος
354 3042 427 3123 ἔσχε
438 3035 475 3105 τό
487 3036 780 3125 πρῶτονἈθήνας,
796 3035 1113 3126 καὶτηντυραυνίθα

106 3135 149 3207 οὔ
163 3160 212 3203 κω
219 3133 325 3220 κάρτα
336 3137 558 3225 ἐρριζωμένην
569 3145 654 3225 έχων
665 3136 821 3227 ἀπέβαλε,
837 3141 872 3205 οί
884 3141 920 3205 δὲ
932 3138 1114 3218 ἐξελάσαν-

106 3258 162 3310 τες
174 3238 416 3318 Πεισίστρατον
436 3227 530 3314 αὖτις
551 3239 588 3305 ἐκ
603 3240 680 3329 νέης
703 3233 751 3304 ἐπ’
770 3233 942 3323 ἀλλήλοισι
957 3239 1114 3306 ἐστασία-

106 3350 181 3398 σαν.
226 3333 529 3419 περιελαυνόμενος
550 3337 587 3401 όὲ
611 3341 652 3421 τῇ
672 3335 769 3402 στάσι
784 3330 802 3401 ὁ
818 3337 1016 3420 Μεγακλέης
1033 3336 1135 3406 έπε-.

105 3428 313 3517 κηρυκεόετο
327 3435 575 3525 Πεισιστράτῳ,
598 3440 629 3504 εί
642 3433 800 3522 βούλοιτό
815 3437 849 3501 οί
863 3431 925 3521 τὴν
937 3441 1112 3520 θυγατέρα
