2354 3840
124 210 188 272 εεο
348 182 353 193 “
507 210 759 268 εεοοοοτι

127 370 310 456 κατάγαιον
326 377 448 455 οίκημα
466 370 622 435 ἐποιέετο.
647 363 691 445 ὡς
709 370 749 435 δέ
761 372 796 436 οί
807 373 998 450 παντελέως
1014 369 1080 457 εἶχε
1097 370 1130 438 τὰ

127 479 265 555 οίκημα,
289 470 326 535 ἐκ
352 466 415 553 μὲν
437 472 507 533 τῶν
530 470 688 551 Θρηίκων
710 463 905 554 ἠφανίσθη,
926 467 1076 557 καταβάς
1099 470 1131 536 δέ

127 567 217 637 κάτω
234 568 267 645 ές
279 563 317 634 τδ
334 565 518 651 κατάγαιον
530 573 652 651 οίκημα
667 568 814 634 διαιτᾶτο
828 563 881 634 ἐπ’
901 572 976 635 ἔτεα
991 573 1075 656 τρία.
1093 591 1127 637 ,οι

128 669 167 733 δέ
178 691 238 751 μιν
252 663 401 733 ἐπόθεόν
414 689 450 730 τε
466 665 521 731 καί
539 665 704 731 ἐπένθεον
721 660 765 742 ὡς
780 672 968 733 τεθνεῶτα·
990 667 1127 756 τετάρτφ

129 765 165 832 δέ
180 768 247 830 ἔτει
265 760 374 848 ἐφάνη
395 776 486 829 τοῖσι·
495 761 628 848 Θρήιξι,
652 764 707 830 καί
724 760 814 829 οὑτω
834 763 967 831 πιθανά
985 781 1048 850 σφι
1064 763 1123 850 &yda

81 873 115 927 96
130 887 206 929 νετο
217 858 257 928 τά
270 867 362 948 ἔλεγε
373 859 390 930 ὁ
402 860 574 945 Ζάλμοξις.
590 859 695 928 ταῦτά
707 867 792 947 φασί
799 887 860 948 μιν
869 868 1018 949 ποιῆσαι.
1055 857 1125 944 ’λίγα

130 961 166 1027 δέ
183 961 259 1042 περί
278 961 341 1043 μὲν
360 958 484 1027 τούτου
505 961 561 1027 καί
580 963 643 1026 τοὺ
664 965 848 1046 καταγαίου
865 959 1044 1048 οἰκήματος
1059 957 1126 1028 οὕτε

130 1056 275 1125 ἀπιστέω
297 1056 375 1126 οὑτε
393 1051 443 1126 άν
465 1057 612 1126 πιστεύω
626 1084 658 1124 τι
679 1063 773 1144 λίην,
795 1061 902 1125 δοκέω
925 1058 962 1125 δὲ
983 1065 1126 1125 πολλοῖσι

130 1162 216 1225 ἔτεσι
230 1155 397 1243 πρότερον
411 1154 472 1224 τόν
482 1155 651 1245 Ζάλμοξιν
664 1163 786 1223 τοῦτον
799 1159 960 1242 γενέσθαι
970 1152 1127 1240 Πυθαγό-

130 1282 205 1344 ρεω.
230 1265 295 1324 είτε
312 1257 348 1324 δὲ
369 1257 502 1344 ἐγένετό
523 1282 573 1334 τις
588 1256 751 1342 Ζάλμοξις
767 1252 967 1340 ἅνθρωπος,
991 1250 1051 1322 εἴτ’
1069 1253 1125 1320 ε’στί

131 1359 260 1441 δαίμων
272 1381 322 1433 τις
337 1359 457 1444 Γέτησι
472 1348 570 1433 οὗτος
584 1355 774 1440 ἐπιχώριος,
792 1356 941 1440 χαιρέτω.
967 1343 1063 1419 οὑτοι
1074 1351 1127 1436 μὲν

130 1450 170 1540 δὴ
185 1453 299 1544 τρόπῳ
312 1452 453 1543 τοιούτφ
473 1450 649 1539 χρεόμενοι
665 1448 709 1530 ὡς
721 1452 951 1539 ἐχειρώθησαν
965 1446 1033 1517 ὑπὸ
1045 1455 1128 1530 ΠερἈ

132 1552 235 1635 σέων,
259 1553 393 1621 εἵποντο
407 1560 453 1644 τῷ
468 1552 557 1642 ἄλλῳ
573 1558 711 1642 στρατῷ.

83 1660 116 1715 97
216 1659 360 1733 Δαρεῖος
376 1654 411 1718 δὲ
431 1649 474 1729 ὡς
489 1649 624 1718 ἀπίκετο
639 1651 695 1717 καί
709 1647 727 1717 ὁ
743 1646 838 1729 πεζός
853 1644 911 1734 ἅμ’
929 1643 1021 1738 αύτῷ
1036 1665 1129 1732 στρα-
1165 1690 1170 1729 ·.

130 1743 186 1825 τός
199 1748 251 1813 ἐπὶ
262 1743 474 1833 τόνἿστρον,
487 1750 636 1815 ένθαὺτα
648 1745 838 1833 διαβάντων
848 1743 987 1812 πάντων
993 1754 1129 1827 Δαρεῖος

131 1846 284 1913 ἐκέλευσε
311 1843 390 1923 τοὺς
405 1843 524 1924 Ἴωνας
553 1844 616 1932 τὴν
643 1849 777 1931 σχεδίην
801 1843 968 1922 λύσαντας
997 1844 1129 1912 ἕπεσθαι
1167 1864 1170 1899 ι

132 1939 205 2010 κατ’
222 1939 363 2029 ἤπειρον
378 1946 491 2034 ἑωυτῷ
504 1945 559 2011 καὶ
572 1940 633 2010 τόν
649 1945 686 2010 έκ
699 1949 768 2010 τῶν
779 1948 868 2010 νεῶν
880 1938 1035 2027 στρατόν.
1059 1945 1129 2024 μελ·

134 2040 265 2108 λόντων
279 2037 316 2108 δὲ
329 2048 398 2108 τῶν
410 2039 533 2109 Ἰάνων
546 2040 642 2110 λύειν
657 2044 712 2109 καὶ
728 2043 856 2108 ποιέειν
869 2037 910 2106 τά
931 2036 1129 2124 κελευόμενα
1168 2054 1170 2069 “

135 2141 233 2224 Κάης
254 2138 272 2206 ὁ
286 2138 489 2227 Ἐρξάνδρου
510 2138 692 2227 στρατηγός
710 2139 775 2208 έιδν
789 2145 1036 2226 Μυτιληναίων
1051 2138 1129 2214 ἔλεξε

134 2244 268 2329 Δαρείῳ
296 2237 392 2326 τάδε,
420 2238 615 2324 πυθόμενος
641 2239 823 2325 πρότερον,
853 2246 887 2304 εί
907 2241 942 2304 οί
964 2240 1068 2322 φίλον
1088 2239 1129 2316 είη

134 2335 273 2426 μνάμην
288 2333 513 2405 ἀποδέκεσθαι
527 2335 618 2423 παρὰ
633 2344 694 2404 τοῦ
709 2337 919 2423 βουλομένου
934 2331 1130 2401 άποδείκνν-

134 2447 232 2505 σθαι·
260 2428 300 2502 Ὦ
317 2442 474 2523 βασιλεῦ,
497 2436 549 2502 έπὶ
572 2441 636 2521 γῆν
655 2433 721 2522 γὰρ
737 2437 867 2522 μέλλεις
883 2433 1129 2520 στρατεύεσθαι,

133 2543 191 2621 τῆς
207 2531 284 2600 ούτε
295 2529 506 2620 ἀρηρομένον
518 2532 702 2620 φανήσεται
717 2529 818 2600 οὐδὲν
829 2530 906 2599 ούτε
917 2530 1016 2610 πόλις
1031 2535 1130 2598 οίκεο·

135 2634 235 2717 μένη,
259 2631 303 2698 σύ
317 2657 384 2698 νυν
399 2634 554 2718 γέφυραν
566 2632 693 2718 ταύτην
708 2638 745 2700 έα
762 2629 845 2700 κατά
860 2630 974 2717 χάρην
990 2628 1130 2709 ἑστάναι,

135 2728 310 2813 φυλάκους
337 2726 439 2816 αὐτῆς
461 2727 569 2798 λιπών
593 2732 735 2809 τούτους
743 2734 757 2814 ,’
784 2733 881 2808 οἵπερ
912 2755 972 2813 μιν
993 2732 1129 2811 ἔζευξαν.

135 2829 191 2896 καὶ
206 2824 250 2914 ἦν
263 2854 298 2895 τε
309 2824 393 2895 κατά
408 2828 492 2896 νόον
505 2828 684 2916 πρήξωμεν
695 2826 852 2916 εὑρόντες
880 2827 1044 2914 Σκύθας,
1071 2834 1132 2898 ἐστι

135 2927 259 3006 άποδος
272 2925 364 3016 ἡμῖν,
379 2925 423 3016 ἤν
437 2954 473 2996 τε
486 2933 541 2998 καὶ
552 2929 599 3018 μη’
611 2949 716 3016 σφεας
731 2927 844 3017 εὑρεῖν
858 2924 1053 3015 δυνάμεθα,
1069 2921 1133 3011 ἧχι
1167 2940 1170 2963 ¹

134 3025 260 3104 άποδος
273 3024 354 3113 ἡμῖν
369 3024 538 3115 ἀσφαλής·
561 3026 682 3117 οὐγὰρ
698 3027 808 3097 ἔδεισά
822 3053 888 3114 κω,
902 3024 948 3113 μὴ
963 3025 1134 3093 ἐσσωθέω·

135 3151 198 3209 μεν
211 3122 278 3194 ὑπὸ
292 3129 462 3195 Σκυθέων
479 3126 582 3216 μάχη,
607 3127 693 3198 άλλά
706 3135 834 3215 μᾶλλον
844 3126 888 3213 μη
902 3122 945 3193 ού
955 3122 1135 3209 δυνάμενοί

135 3244 240 3310 σφεας
263 3222 375 3311 εὑρεῖν
395 3226 560 3313 πάθωμέν
581 3255 613 3296 τι
638 3222 823 3311 άλεόμενοι.
847 3231 902 3295 καί
926 3225 1006 3294 τάδε
1030 3229 1135 3323 λέγειν

137 3327 220 3408 φαίη
233 3348 282 3400 τις
296 3321 340 3389 άν
354 3350 395 3410 με
411 3326 580 3411 ἐμεωυτοῦ
597 3329 735 3412 εἵνεκεν,
752 3324 797 3405 ὡς
810 3325 1001 3408 καταμένω·
1024 3323 1090 3412 ἐμοὶ
1105 3325 1136 3390 δέ

136 3419 275 3504 γνάμην
298 3424 376 3506 μὲν,
400 3421 461 3508 τὴν
489 3423 647 3511 εὕρισκον
671 3423 811 3510 άρίστην
835 3427 904 3512 σοί,
927 3432 1086 3510 βασιλεῦ,
1108 3425 1138 3501 ἐς
