2354 3840
86 210 129 274 44
464 214 714 274 HERODOTI

84 372 224 459 Ἀργεῖοι
246 380 308 462 μέν
328 401 395 443 νυν
411 371 476 442 άπδ
495 373 619 441 τούτου
632 379 694 439 τοῦ
709 372 835 457 χρόνον
852 372 1094 460 κατακειράμει·Ι

87 496 142 538 νοι
158 469 218 551 τάς
232 470 396 559 κεφαλάς,
412 471 579 560 πρότερον
596 470 782 555 ἐπάναγκες
801 469 987 555 κομέοντες,
1002 472 1099 538 {noi-³·

87 568 213 655 η’σαντο
227 571 335 656 νόμον
348 597 384 638 τε
398 573 454 638 καὶ
468 569 618 656 κατάρην
632 564 677 654 μὴ
695 567 861 653 πρότερον
874 573 1022 654 θρέψειν
1035 565 1096 635 κά-Ι

87 695 153 753 μην
165 665 323 754 Ἀργείων
333 673 477 755 μηδένα,
495 668 579 753 μηδὲ
594 662 653 743 τάς
668 667 831 750 γυναῖκάς
847 687 908 753 σφι
921 686 1091 753 χρυσοφσ·

89 765 221 851 ρησειν,
245 768 325 851 πρὶν
340 764 384 833 ἀν
401 769 531 849 Θυρέας
552 761 801 831 ἀνασώσωνται.
832 764 1097 852 Λακεδαιμόνιοι-

89 864 125 931 δδ
139 861 179 930 τά
194 866 328 932 ἐναντία
342 864 471 933 τούτων
487 869 607 932 έθεντο
625 860 749 947 νόμον·
787 859 829 928 οὐ
843 860 908 949 γάρ
921 856 1095 950 κομέοντεί

91 958 154 1047 τρδ
179 961 320 1048 τούτου,
347 958 412 1030 ἀπὸ
438 960 562 1028 τούτου
584 966 702 1044 κομᾶν.
745 957 806 1027 τόν
829 960 865 1027 δὲ
880 961 940 1026 ἕνα
958 963 1099 1046 λέγουσι·

91 1056 148 1126 τδν
165 1063 424 1146 περιλειφθέντα
439 1065 507 1126 τῶν
524 1064 743 1145 τριηκοσίων,
756 1055 960 1145 Ὀθρυάδην,
976 1063 1093 1142 αίσχν·

91 1159 235 1245 νόμενον
258 1157 475 1228 ἀπονοστέειν
497 1161 530 1237 ές
543 1158 707 1245 Σπάρτην
728 1165 797 1224 τῶν
817 1162 851 1224 oc
870 1160 1102 1242 συλλοχιτέων-

88 1259 364 1344 διεῳθαρμίνων,
392 1254 498 1325 αὐτοῦ
524 1283 583 1343 μιν
607 1258 644 1323 έν
664 1262 739 1344 τῇσι
760 1258 907 1343 Θυρέῃσι
928 1251 1110 1343 καταχρά(

54 1366 213 1423 λδσασθαι
237 1356 373 1425 ἑωυτόν.
418 1357 590 1423 Τοιούτων
611 1355 648 1422 δέ
667 1353 1000 1442 τολσιλΣπαρτιητησι
1022 1357 1090 1423 ένε·

89 1454 241 1523 στεοίτων
256 1457 461 1543 πρηγμάτων
477 1448 538 1542 ἧκε
554 1453 572 1523 ὁ
589 1450 779 1542 Σαρδιηνὸς
794 1459 915 1542 κῆρυξ,
934 1455 1090 1542 δεόμενος

89 1561 223 1644 Κροίσῳ
250 1559 400 1638 βωθέειν
411 1558 688 1643 πολιορκεομένῳ.
730 1557 765 1621 οί
780 1554 816 1621 δέ
833 1552 940 1641 ὅμως,
986 1555 1093 1625 ἐπείτε

89 1653 259 1720 ἐπύθοντο
284 1661 345 1720 τοῦ
369 1654 533 1742 κη’ρυκος,
562 1650 712 1738 ὡρμέατο
751 1657 905 1736 βωθέειν.
949 1658 1011 1722 καί
1034 1671 1092 1738 σφι

87 1751 151 1840 ἤδη
167 1757 507 1839 παρεσκευασμένοισι
521 1752 577 1818 καί
588 1757 676 1818 νεῶν
691 1751 836 1818 ἐουσέων
851 1753 993 1838 ἑτοίμων
1007 1742 1093 1841 ἦλθε

88 1848 170 1934 άλλη
199 1846 354 1936 ἀγγελίη,
383 1848 427 1928 ὡς
451 1846 578 1936 ἡλώκοι
602 1845 640 1916 τδ
666 1861 770 1932 τεῖχος
796 1855 865 1915 τῶν
887 1852 1015 1916 Λυδῶν
1039 1850 1093 1917 καί

88 1952 193 2031 ἔχοιτο
214 1952 355 2032 Κροῖσος
379 1953 570 2034 ζωγρηθείς.
606 1943 696 2013 οὕτω
711 1943 750 2032 δὴ
767 1937 862 2013 οὗτοι
882 1946 944 2032 μὲν
958 1965 1092 2034 συμφο-

88 2042 152 2131 ρὴν
167 2043 386 2129 ποιησάμενοι
400 2046 550 2131 μεγάλην
567 2046 763 2112 έπέπαυντο.

54 2156 78 2208 ελ
163 2140 308 2227 Σάρδιες
325 2144 361 2208 δὲ
375 2139 511 2227 ἥλωσαν
528 2133 609 2208 οἶδε·
636 2137 748 2226 ἐπειδὴ
759 2140 1095 2231 τεσσερεσκαιδεκάτη

90 2241 219 2324 ἐγένετο
234 2235 338 2326 ἡμέρη
357 2243 625 2330 πολιορκεομένῳ
640 2245 792 2329 Κροίσῳ,
808 2246 922 2328 Κῦρος
935 2246 975 2330 τῇ
992 2263 1095 2331 στρα·

88 2342 141 2424 τεῇ
162 2341 201 2423 τῇ
226 2339 353 2404 ἑαυτοῦ
377 2341 564 2424 διαπέμψας
587 2340 707 2415 ίππέας
731 2351 871 2422 προεῖπε
896 2345 942 2429 τῷ
970 2338 1094 2433 πράτῳ

89 2433 242 2521 ἐπιβάντι
257 2441 318 2501 τοῦ
332 2442 454 2521 τείχεος
470 2439 562 2522 δῶρα
578 2435 710 2503 δαίσειν.
749 2433 830 2520 μετὰ
854 2437 891 2504 δὲ
905 2445 1006 2507 τοῦτο
1021 2463 1094 2509 πει-

90 2535 278 2619 ρησαμένης
299 2539 357 2619 τῆς
378 2541 548 2621 στρατιῆς,
575 2531 619 2612 ὡς
646 2530 688 2600 οὐ
711 2532 915 2621 προεχώρεε,
943 2537 1092 2605 ἐνθαῦτα

91 2637 158 2697 τῶν
178 2627 290 2696 ἀλλων
311 2634 536 2718 πεπαυμένων
551 2628 637 2717 ἀνὴρ
655 2630 796 2717 Μάρδος
813 2634 967 2719 ἐπειρᾶτο
978 2654 1093 2722 προσ*

90 2735 233 2817 βαίνων,
263 2735 310 2818 τῷ
338 2728 470 2815 οὕνομα
493 2723 538 2817 ἦν
560 2728 749 2816 Ὑροιάδης,
786 2728 870 2798 κατά
905 2738 1006 2801 τοῦτο
1038 2738 1093 2821 τῆς

89 2821 307 2913 ἀκροπόλιος,
336 2833 375 2913 τῇ
397 2823 507 2904 οὐδεὶς
528 2827 677 2894 ἐτέτακτο
700 2829 862 2914 φύλακος·
900 2825 943 2896 οὐ
963 2826 1031 2919 γὰρ
1051 2824 1089 2919 ἧι

89 2921 220 3008 δεινὸν,
235 2920 318 2990 κατά
333 2929 431 2991 τοῦτο
447 2921 492 3011 μὴ
508 2923 578 3016 ἁλῷ
596 2929 679 2993 κοτέ.
708 2923 924 3012 ἀπότομόςτε
941 2928 1009 3018 γάρ
1027 2933 1091 2999 ἐστι
1113 3002 1117 3009 ,

89 3024 191 3111 ταύτῃ
208 3020 229 3110 ἡ
245 3019 427 3108 ἀκρόπολις
441 3028 496 3094 καὶ
511 3024 651 3114 ἀμαχος·
682 3033 721 3115 τῇ
737 3025 816 3097 οὐδὲ
834 3029 956 3117 Μήλης
970 3027 989 3100 ὁ
1008 3028 1091 3119 πρί-

88 3147 185 3205 τερον
206 3118 364 3209 βασιλεὺς
387 3129 545 3211 Σαρδίων
567 3125 679 3213 μούνη
694 3123 735 3192 οά
757 3127 948 3215 περιήνεικε
963 3126 1025 3196 τδν
1040 3132 1091 3198 λε’·
1115 3186 1118 3191 .

84 3246 183 3304 οντα,
199 3224 260 3288 τόν
275 3218 342 3309 οίῆ
359 3221 510 3310 παλλακὴ
530 3229 638 3309 έτεκε,
657 3229 855 3312 Τελμησέων
869 3228 1090 3313 δικασάντων,

87 3317 131 3396 ὡς
145 3322 433 3407 περιενειχθέντος
449 3329 510 3388 τοῦ
528 3324 662 3401 λέοντος
675 3319 713 3391 τδ
730 3338 834 3410 τεῖχος
850 3331 983 3393 ἔσονται
999 3326 1090 3413 Σάρ·

88 3422 156 3497 διες
178 3415 359 3486 ἀνάλωτοι.
389 3415 407 3484 ὁ
435 3419 471 3486 δὲ
489 3419 609 3505 Μήλης
630 3420 713 3490 κατά
728 3419 765 3490 τὸ
782 3421 863 3492 ἀλλο
878 3436 983 3510 τεῖχος
999 3449 1092 3510 περι,-
