2354 3840
330 108 411 163 LIB.
443 107 487 166 ΙΙΙ.
522 106 619 163 ΟΑΡ.
653 111 784 166 64--67.
990 104 1049 165 241

60 266 176 332 οίκίων
196 262 251 329 καί
271 255 289 328 6
312 261 441 328 ἐκείνου
461 257 622 346 ἀδελφεός
642 263 793 346 Σμέρδις.
828 259 887 328 τόν
907 264 968 346 μέν
989 287 1053 330 νυν

59 358 201 447 μάλιστα
214 364 298 444 χρῆν
312 359 390 442 ἐμεῦ
405 355 521 444 αίσχρά
536 381 619 445 προς
634 365 701 424 τῶν
714 358 831 444 μάγων
845 360 1052 438 πεπονθότος

60 457 232 541 τιμωρέειν
253 456 339 541 ἐμοὶ,
369 447 466 532 οὗτος
487 453 548 540 μὲν
574 452 698 544 ἀνοσίῳ
723 453 816 546 μόρῳ
842 455 1052 540 τετελεύτηκε

10 573 12 576 ’
59 548 125 619 ἀπό
140 558 208 618 τῶν
221 551 348 617 ἑωυτοῦ
362 550 596 635 οἰκηιοτάτων·
621 552 743 618 τούτου
754 552 789 620 δέ
800 554 913 637 μηκέτι
929 551 1050 635 ἐόντος,

59 647 198 734 δεύτερα
211 652 278 715 τόν
294 653 421 715 λοιπῦν
435 644 526 734 ὑμῖν,
547 639 573 714 6
587 649 723 735 Πέρσαι,
739 655 867 734 γίνεταί
876 675 932 736 μοι
947 647 1052 734 ἀναγ-

58 745 234 814 καιότατον
249 745 459 812 ἐντέλλεσθαι
475 742 514 811 τά
521 743 630 812 ἐθέλω
639 771 694 832 μοι
702 745 861 831 γενέσθαι
870 745 1051 813 τελευτέων

57 840 118 910 τόν
131 849 222 929 βίον·
244 843 299 910 καί
313 837 353 928 δή
367 838 445 928 ὑμῖν
456 842 535 910 τόδε
548 842 735 928 ἐπισκήπτω
748 840 851 921 θεούς
864 841 942 921 τούς
955 850 1050 930 βασι-

57 945 172 1026 ληίους
194 938 393 1023 ἐπικαλέων,
420 940 475 1005 καὶ
495 944 598 1006 πᾶσιν
612 936 693 1024 ὑμῖν
714 942 768 1007 καὶ
787 939 926 1024 μάλιστα
943 937 1050 1024 Ἀχαι-

55 1037 324 1122 μενιδέωνιτοίσι
344 1041 521 1120 παρεοῦσι,
543 1033 587 1120 μή
608 1039 768 1122 περιιδεῖν
791 1034 851 1122 τήν
870 1033 1050 1121 ἡγεμονίην

58 1127 154 1211 πότις
168 1135 200 1210 ἐς
216 1129 356 1218 Μήδους
376 1138 637 1219 περιελθοῦσαν,
662 1130 735 1201 ἀλλ’
753 1139 817 1200 είτε
837 1133 924 1221 δόλῳ
939 1136 1049 1215 έχουσι

59 1225 165 1315 αύτήν
179 1227 395 1318 κτησόμενοι,
417 1228 504 1319 δόλῳ
519 1225 741 1316 ἀπαιρεθῆναι
756 1227 821 1297 ὑπ’
837 1227 964 1315 ὑμέων,
986 1236 1049 1292 είτε

58 1327 112 1394 καὶ
126 1326 245 1393 σθένεΐ
255 1350 317 1416 τεῳ
332 1325 629 1413 κατεργασόμενοι,
651 1330 767 1394 σθένει·
779 1323 861 1395 κατά
881 1320 917 1390 τό
932 1346 1048 1406 καρτε-

59 1421 121 1510 ρόν
142 1420 390 1491 ἀναστόσασθαι.
424 1425 478 1490 καὶ
500 1422 680 1509 ταῦταμὲν
700 1430 830 1491 ποιεῦσι
850 1418 930 1506 ὑμῖν
951 1424 993 1505 γῆ
1014 1441 1048 1484 τε

59 1517 189 1607 καρπόν
209 1521 342 1605 ἐκφέροι
363 1521 418 1588 καὶ
434 1521 588 1605 γυναῖκές
607 1546 642 1588 τε
662 1523 716 1589 καὶ
741 1533 876 1605 ποῖμναι
895 1522 1047 1597 τίκτοιεν,

57 1620 148 1686 ἐοῦσι
169 1617 202 1694 ἐς
222 1613 281 1683 τόν
301 1613 431 1683 ἅπαντα
456 1617 579 1703 χρόνον
601 1619 822 1703 ἐλευθέροισι·
852 1611 895 1700 μή
916 1610 1048 1679 ἀνασω-

59 1713 229 1799 σαμένοισι
245 1709 326 1780 δέ’
291 1737 352 1799 την
363 1708 468 1831 ἀρχήν
481 1711 559 1800 μηδ’
578 1712 800 1798 ἐπιχειρήσασι
815 1708 995 1788 ἀνασώζειν
1009 1703 1047 1773 τά

58 1812 191 1878 ἐναντία
209 1807 356 1876 τούτοισι
376 1803 514 1895 ἀρέομαι
534 1805 614 1893 ὑμῖν
637 1811 811 1893 γενέσθαι,
833 1807 887 1873 καὶ
902 1801 985 1888 πρός
1000 1808 1046 1869 έτι

56 1905 203 1975 τούτοισι
228 1903 265 1972 τὸ
292 1907 383 1983 τέλος
406 1908 563 1988 Περσέων
588 1904 713 1995 ἑκάστῳ
737 1903 946 1988 ἐπιγενέσθαι
975 1893 1046 1964 οἷον

56 2004 128 2091 ἐμοὶ
143 2004 321 2088 ἐπιγέγονε.
357 2001 441 2087 ’Ἅμα
457 2027 492 2069 τε
512 2011 605 2081 εἴπας
618 2008 720 2070 ταῦτα
735 2027 752 2068 ο
740 1994 988 2119 ’Καμβύσης’
969 1997 1047 2061 απέ-

56 2108 150 2169 κλαιε
164 2107 274 2167 πᾶσαν
288 2094 350 2185 τήν
364 2102 490 2166 ἑωυτοῦ
504 2103 632 2218 πρήξιγ.
664 2100 789 2183 Πέρσαι
805 2091 836 2162 δ’
854 2090 898 2172 ὡς
911 2090 970 2160 τὸν
985 2098 1043 2178 βα-
1028 2101 1089 2153 -66

57 2198 149 2264 σιλέα
164 2194 253 2263 εἶδον
273 2191 545 2280 ἀνακλαύσαντα,
567 2196 688 2273 πάντες
708 2193 748 2261 τύ
770 2218 804 2259 τε
822 2195 959 2274 ἐσθῆτος
975 2186 1048 2271 ἐχό-

56 2320 155 2383 μενα
162 2291 265 2379 εἶχον,
289 2299 392 2361 ταῦτα
413 2300 660 2380 κατηρείκοντο,
683 2293 789 2359 καὶί
756 2295 881 2375 ομωγή
903 2283 1032 2374 ἀφθόυ
1021 2311 1046 2349 ω

57 2387 252 2477 διεχρέοντο
274 2415 354 2474 μετα
343 2386 406 2457 ’δέ
420 2396 539 2474 ταῦτα,
562 2385 605 2466 ὡς
618 2387 820 2506 ἐσῳακέλισέ
830 2410 864 2451 τε
878 2409 914 2450 το
904 2378 1046 2450 ’ὀστέου

58 2481 149 2554 καθ’
135 2513 153 2553 ο
178 2481 282 2572 μηρός
302 2485 435 2569 τάχιστα
458 2481 627 2571 ἐσάπη,’
608 2482 765 2570 απήνεικε
781 2479 967 2567 Καμβύσην
986 2475 1046 2545 τὸν

57 2580 191 2668 Κύρου,
211 2576 452 2665 βασιλεύσαντα
472 2575 583 2664 μέν’
546 2605 586 2645 τα
601 2578 709 2646 πάντα
728 2572 808 2646 ἐπτά
824 2581 896 2642 έτεα
913 2578 967 2642 καὶ
983 2581 1046 2660 μή·

57 2702 117 2754 νας
137 2677 252 2793 πέντε,
274 2672 397 2742 ἀπαιδα
420 2672 514 2743 δέ’
480 2701 516 2742 το
542 2676 700 2762 παράπαν
721 2673 817 2742 ἐόντα
839 2679 971 2754 ἔρσενος
993 2672 1046 2737 καὶ

56 2771 179 2860 θήλεος
209 2770 322 2856 γόνου
366 2774 522 2888 Περσέων
553 2770 588 2836 δὲ
613 2785 697 2838 τοῖσι
728 2775 888 2855 παρεοῦσι
913 2765 1045 2885 ἀπιστίη

57 2864 161 2954 πολλή
177 2864 353 2951 ὑπεκέχυτο
369 2863 446 2944 τούς
459 2866 587 2956 μάγους
604 2873 688 2952 ἔχειν
707 2864 744 2932 ιά
758 2865 948 2982 πρήγματα,
970 2858 1043 2929 ἀλλ’

56 2960 229 3052 ήπιστέατο
254 2963 307 3030 ἐπὶ
331 2967 468 3049 διαβολή
492 2967 596 3029 εἰπεῖν
617 2962 803 3048 Καμβύσην
820 2987 860 3030 τοι
848 2959 951 3026 ἐἷπε
971 2960 1046 3040 περὶ

58 3067 116 3130 τοῦ
141 3061 305 3148 Σμέρδιος
329 3059 545 3145 θανάτου,“
530 3087 586 3126 ινα
613 3066 646 3129 οί
668 3063 883 3145 ἐκπολεμωθῇ
913 3063 980 3123 πᾶν
1008 3051 1044 3122 τό

56 3153 233 3243 Περσικόν
278 3148 381 3223 Οὗτοι
395 3155 457 3240 μέν
470 3180 536 3221 νυν
551 3152 722 3241 ήπιστέατο
737 3149 931 3272 Σμέρδιν“
897 3178 956 3220 τον
973 3152 1041 3219 Κύ-
1052 3166 1087 3218 67

58 3276 121 3336 ρον
141 3252 277 3336 βασιλέα
296 3250 488 3317 ἐνεστεῶτα·
511 3256 628 3329 δεινοῖς
647 3250 710 3335 γάρ
732 3247 821 3316 καὶ*
807 3274 824 3317 ο
846 3249 1045 3336 Πρηξάσπης
