2354 3840
127 183 188 242 204
493 184 746 246 HERODOTI

126 360 185 419 σας
200 345 255 409 καλ
265 340 399 420 Λυδοδς
409 346 464 410 καὶ
474 337 728 428 σχεδδυπάυτας
737 342 815 421 τούς
827 342 1021 432 βαρβάρους
1038 339 1122 407 ἀπο-

125 439 316 523 τιμοτέρους
336 446 403 505 τῶν
427 438 537 507 ἀλλων
556 436 743 525 ἡγημένους
763 443 945 523 πολιητέων
967 433 1047 514 τοὺς
1062 435 1120 512 τὰς

125 537 238 619 τέχνας
253 537 488 620 μανθάνοντας
502 532 647 611 καὶτοὺς
661 534 820 618 ἐκγόνους
830 535 978 618 τούτων,
995 530 1074 608 τούς
1085 528 1117 596 δ’

126 628 397 714 ἀπηλλαγμένους
410 639 477 698 τῶν
489 635 726 716 χειρωναξιέων
740 638 914 715 γενναίους
925 634 1121 714 νομίζοντας

127 725 226 809 είναι,
254 729 308 791 καὶ
331 726 471 810 μάλιστα
493 724 571 804 τούς
596 728 628 803 ές
654 724 714 793 τόν
738 726 884 812 πόλεμον
909 725 1118 809 ἀνειμένους.

125 823 336 908 μεμαθήκασι
359 822 390 888 δ’
415 817 463 889 ἀν
478 830 576 890 τοῦτο
596 823 717 900 πάντες
739 827 772 889 οί
786 821 960 908 Ἕλληνες,
981 820 1036 885 καὶ
1056 817 1120 904 μά-

125 925 217 983 λιστα
229 917 541 1004 Λακεδαιμόνιοι,’
518 939 635 1003 ηκιστα
651 920 687 985 δέ
705 918 910 1003 Κορίνθιοι”
891 942 1029 986 ονονται
1043 939 1121 990 τους

61 1025 108 1078 168
122 1016 335 1096 χειροτέχνας.
379 1016 484 1098 Γέρεα
499 1016 538 1080 δέ
549 1034 608 1098 σφι
622 1019 666 1098 η’ν
682 1016 761 1082 τάδε
778 1016 1020 1101 ἐξαραιρημένα
1035 1038 1120 1097 μου-

125 1129 212 1175 υοισι
232 1117 425 1194 Αἰγυπτίων
446 1111 549 1194 παρεξ
570 1135 637 1176 των
662 1110 821 1195 ίρέωυ,”
800 1137 940 1197 αρουραι
963 1111 1121 1193 ἐξαίρετοι

126 1206 276 1274 δυώδεκα
298 1210 422 1299 έκάστφ
442 1205 623 1285 ἀτελέες.ε
606 1234 626 1292 η
649 1206 726 1273 δέ”
705 1232 832 1291 αρουρα
850 1208 966 1282 έκατόυ
989 1208 1121 1292 πηχέων

125 1305 251 1372 έστὶί
205 1311 251 1372 Al
250 1313 398 1389 γυπτίων
412 1305 536 1392 πάντη,
559 1302 577 1370 ὁ
594 1307 629 1371 δὲ
644 1305 825 1388 Αἰγύπτιος
838 1314 942 1421 πῆχυς
964 1305 1120 1390 τυγχάνει

125 1410 195 1477 ἴσος
210 1399 274 1467 έων
295 1427 340 1490 τφ
356 1408 481 1490 Σαμίῳ.
512 1407 615 1467 ταῦτα
629 1402 690 1483 μὲν
704 1397 744 1515 δη
761 1414 845 1467 τοῖσι
865 1400 966 1470 ἅπασι
987 1393 1101 1486 ἧνα
1047 1403 1120 1478 έξα-

125 1501 324 1606 ραιρημένα,
345 1495 423 1562 τάδε
445 1496 480 1562 δὲ
506 1499 542 1562 έν
563 1520 743 1584 περιτροπη
761 1499 965 1581 ἐκαρποῦντο
985 1499 1040 1563 καὶ
1060 1493 1121 1562 οὐ·

125 1586 212 1673 δαμά
248 1579 363 1653 ωυτοί·
418 1596 631 1675 Καλασιρίων
670 1593 768 1675 χίλιοι
807 1591 862 1656 καὶ
894 1590 1121 1678 Ἑρμοτυβίων

124 1682 351 1768 ἐδορυφόρεον
372 1681 572 1751 ένιαυτδυ“
553 1704 682 1750 εκαστοι
702 1684 762 1749 τὸν
785 1705 847 1768 μιν
818 1686 938 1750 ιι·.λέα·
972 1689 1120 1752 τούτοισι

50 1774 62 1785 ”
124 1773 201 1847 δ”
175 1806 223 1863 ων
236 1779 314 1847 τάδε
330 1782 432 1866 πάρεξ
443 1807 510 1848 των
521 1779 692 1865 ἀρουρέων
704 1789 786 1846 ἀλλα
801 1782 925 1847 ἐδίδοτο
945 1779 1031 1849 ἐπ”
1008 1784 1120 1868 νημέρη

126 1877 261 1964 έκάστη,
294 1875 398 1945 ὀπτοῦ
428 1884 524 1945 σίτου
552 1873 698 1960 σταθμὸς
726 1879 822 1942 πέντε
852 1880 948 1960 μνέαι
983 1879 1120 1967 έκάστφ,

125 1981 233 2059 κρεῶν
258 1978 365 2060 βοέων
393 1975 454 2041 δύο
485 1976 597 2059 μνέαι,
629 1981 725 2038 οίνου
748 1975 896 2055 τέσσερες
923 1970 1022 2059 ἀρυι’;
1038 1978 1115 2060 χῖρες.

124 2097 227 2138 ταυτα
241 2086 325 2139 τοῖσι
341 2077 403 2140 αίελ
418 2074 662 2156 δορυφορέουσι
676 2072 813 2137 ἐδίδοτο.

53 2183 101 2238 169
187 2167 310 2237 Ἐπείτε
328 2168 366 2236 δέ
385 2169 593 2248 συνιόντεςὸ
615 2197 650 2238 τε
669 2165 804 2256 Ἀπρίης
827 2166 919 2252 ἄγων
944 2168 1023 2247 τούς
1049 2171 1116 2235 έπι-

121 2266 264 2355 κου’ρονς
290 2268 346 2334 καί
370 2265 540 2354 δ”Αμασις
570 2269 696 2347 πάντας
720 2273 929 2360 Αἰγυπτίους
962 2263 1121 2335 ἀπίκοντο

123 2369 156 2444 ές
169 2365 364 2450 ,Μώμεμφιν
385 2364 498 2448 πόλιν,
520 2368 721 2448 συνέβαλον·
754 2364 808 2427 καὶ
832 2365 1031 2448 ἐμαχέσαντο
1056 2367 1117 2450 μὲν

124 2459 163 2532 εὖ
184 2468 354 2549 οίξεῖυοι,
376 2465 500 2550 πλήθε·
486 2467 554 2530 λδὲ
575 2467 686 2548 πολλῷ
708 2459 883 2538 ἐλάσσονες
903 2461 1015 2541 ἐόντες
1035 2466 1117 2531 κατὰ

123 2567 220 2626 τοῦτο
237 2560 441 2677 ἑσσωθησαν.
483 2558 620 2643 Ἀπρίεω
636 2558 671 2622 δε
688 2559 815 2639 λέγεται
830 2555 914 2624 είναι
931 2557 1021 2644 ηδε
1004 2588 1025 2648 η
1044 2561 1118 2628 διά-

125 2681 216 2736 νοια,
239 2652 354 2738 μηδ’
339 2655 382 2720 α“ν
402 2655 487 2722 θεόν
501 2681 559 2740 μιν
578 2657 704 2738 μηδένα
727 2655 894 2723 δύνασθαι
914 2664 1039 2724 παῦσαι
1062 2685 1118 2744 της

125 2755 312 2836 βασιληίης·
336 2738 423 2817 οὕτω
435 2750 638 2837 ἀσφαλέως
622 2775 732 2838 εωυτφ
719 2755 905 2832 ιδρύσθαι
921 2755 1041 2821 ἐδόκεε.
1064 2757 1120 2822 και

126 2843 165 2930 δη
183 2846 290 2913 πότιι
279 2845 456 2933 υμβαλων
477 2848 625 2931 έσσωθη,
648 2849 702 2912 καλ
726 2850 904 2931 ζωγρηθεις
931 2846 1065 2935 ἀπήχθη
1087 2853 1119 2928 ές

125 2941 212 3036 Σάλν
229 2942 384 3029 πόλιν,’
368 2970 400 3020 ες
416 2942 456 3009 τά
478 2948 603 3010 έωυτου
589 2948 705 3009 οίκία
725 2945 888 3028 πρότερον
911 2945 1024 3030 ἐόντα,
1047 2947 1119 3014 τότε

126 3037 161 3106 δὲ
178 3036 330 3123 Ἀμάσιος
354 3038 417 3126 ἤδη
438 3039 600 3126 βασιλήια.
630 3043 776 3106 ἐνθαῦτα
794 3041 831 3122 δὲ
849 3044 928 3119 τέως
951 3046 1014 3129 μέν
1031 3048 1120 3130 ἐτρέ-

126 3162 205 3222 φετο
222 3137 258 3202 έν
275 3151 359 3202 τοῖσι
373 3143 590 3223 βασιληίοισι,
610 3144 668 3203 καί
678 3163 736 3222 μιν
748 3136 884 3224 Ἀμασις
899 3133 937 3205 εὖ
955 3157 1119 3229 περιεῖπε·

126 3236 216 3307 τέλος
231 3230 266 3296 δέ
283 3235 505 3318 μεμφομένων
519 3241 550 3299 Α
551 3234 772 3321 ίγυπτίων,
751 3261 795 3313 ως
809 3232 850 3301 οὐ
871 3239 977 3302 ποιέοι
998 3243 1120 3326 δίκαια,

125 3329 258 3411 τρέφων
268 3325 327 3393 τὸν
340 3334 432 3412 σφίσι
443 3353 478 3394 τε
489 3331 570 3394 καλ
554 3353 664 3403 εωυτω
651 3336 846 3416 ’,ἔχθιστον
858 3331 946 3400 οὕτω
960 3332 1001 3420 δη
1013 3362 1120 3419 παρα-
