2354 3840
107 187 171 252 236
485 186 738 244 HERODOTI

108 345 343 415 καταπλώουσι
358 342 395 412 δὲ
409 345 442 422 ἐς
461 341 524 431 τήν
537 344 660 430 Σάμον
671 344 894 431 Πολυκράτης
907 346 1010 432 νηυσὶ
1024 339 1115 413 ἄντι-

107 443 191 522 άσας
221 445 255 522 ἐς
279 442 389 528 μάχην
415 445 571 528 κατέστη·
603 442 801 528 νικήσαντες
826 444 863 511 δέ
889 447 925 512 οί
946 443 1119 522 κατιόντες

107 543 279 631 ἀπέβησαν
307 541 340 618 ἐς
363 537 427 626 τήν
453 546 577 627 νῆσον,
599 539 886 628 πεζομαχήσαντες
910 542 948 608 όέ
971 543 1010 609 ἐν
1035 537 1119 629 αὐτῇ

108 640 325 725 ἑσσώθησαν,
347 638 404 704 καὶ
420 635 511 706 ούτω
526 634 567 724 δή
585 643 717 707 ἔπλωον
731 640 765 716 ἐς
779 640 1026 724 Λακεδαίμονα.
1058 638 1120 705 είσλ

107 739 144 807 δέ
159 744 194 807 οἳ
206 739 344 820 λέγουσι
360 732 441 815 τούς
461 733 520 803 ἀπ’
536 736 713 823 Αἰγύπτου
733 741 870 823 νικῆσαι
884 733 1118 822 Πολυκράτεα,

106 839 261 923 λέγοντες
277 835 350 920 ἐμοὶ
362 837 493 903 δοκέειν
507 831 570 902 οὐκ
584 831 706 920 ὀρθῶς.
728 831 831 902 οὐδέν
845 829 911 920 γὰρ
926 833 1003 900 ἐᾶεέ
1014 849 1118 916 σφεας

105 934 392 1023 Λακεδαιμονίους
411 933 657 1020 ἐπικαλέεσθαι,
670 941 764 1018 εἰπερ
781 927 878 999 αὐτοὶ
902 930 1012 998 ίκανολ
1028 921 1119 1016 ἦσαν

106 1034 620 1125 Πολυκράτεαπαραστήσασθαι.
640 1030 724 1122 πρὸς
737 1030 776 1098 δέ
784 1029 930 1099 τούτοισι
942 1025 1119 1100 ούόὲὸλό·

106 1156 165 1219 γος
187 1135 307 1218 αίρέει,
331 1137 379 1222 τῷ
400 1135 576 1218 ἐπίκουροί
591 1155 629 1199 τε
648 1132 814 1219 μισθωτοὶ
836 1131 893 1196 καὶ
912 1127 1047 1208 τοξόται
1068 1131 1115 1194 οί-

106 1228 196 1315 κήιοι
217 1221 305 1315 ήσαν
321 1229 449 1316 πλήθει
462 1235 597 1316 πολλοί,
618 1236 741 1296 τοῦτον
757 1224 825 1296 ὑπὸ
847 1232 916 1294 τόν
928 1226 1117 1294 κατιόντων

107 1330 249 1412 Σαμίων
264 1325 392 1394 ἐόντων
413 1322 539 1411 ὀλίγων
553 1329 761 1412 ἑσσωθῆναι·
782 1331 851 1393 τῶν
868 1321 901 1392 θ’
922 1321 984 1392 ὑπ’
1004 1325 1118 1412 ἑωυτῷ

107 1423 234 1491 ἐόντων
247 1425 432 1510 πολιητέων
447 1421 488 1491 τὰ
510 1427 610 1491 τέκνα
629 1425 685 1492 καὶ
705 1420 765 1501 τὰς
783 1436 947 1509 γυναῖκας
967 1417 1116 1489 ὁΠολυ-

29 1523 33 1528 ’
108 1519 232 1607 κράτης
254 1523 288 1597 ές
307 1517 387 1599 τούς
412 1526 615 1599 νεωσοίκους
636 1520 837 1605 συνειλήσας
862 1517 926 1606 εἶχε
953 1522 1116 1604 ἑτοίμους,

106 1615 150 1707 ήυ
168 1617 234 1707 ἄρα
252 1623 436 1706 προθιόάσι
451 1613 547 1689 οὗτοι
560 1618 646 1706 πρὸς
660 1619 740 1700 τούς
751 1618 943 1706 κατιόντας,
961 1617 1116 1707 ὑποπρή-

58 1732 93 1788 46
108 1737 164 1786 σαι
191 1715 321 1786 αύτοίσι
345 1724 564 1787 νεωσοίκοισι.
619 1715 745 1787 Ἐπείτε
780 1717 818 1786 δὲ
849 1722 884 1787 οί
905 1719 1116 1804 ἐξελαθέντες

107 1821 248 1901 Σαμίων
268 1813 336 1885 ὑπὸ
358 1817 596 1904 Πολυκράτεος
617 1815 778 1885 ἀπίκοντο
802 1817 835 1895 ἐς
856 1813 918 1902 τήν
941 1815 1115 1902 Σπάρτην,

106 1916 329 1996 καταστάντες
344 1920 397 1986 ἐπί
410 1913 490 1995 τούς
504 1915 668 2003 ἄρχοντας
682 1920 799 2001 έλεγον
813 1911 921 1982 πολλὰ
941 1910 997 1980 οἷα
1011 1914 1116 2001 κάρτα

106 2014 270 2101 δεόμενοι.
300 2018 335 2083 οί
353 2016 393 2082 δέ
410 2035 472 2101 σφι
494 2021 535 2102 τή
554 2013 670 2102 πρότη
690 2011 871 2081 καταστάσι
891 2007 1116 2098 ὑπεκρίναντο

106 2111 147 2181 τὰ
165 2117 228 2198 μὲν
243 2119 359 2197 πρῶτα
374 2115 537 2198 λεχθέντα
553 2113 804 2198 έπιλεληθέναι,
824 2106 866 2177 τά
883 2110 920 2176 δέ
934 2107 1061 2196 ὕστερα
1076 2104 1115 2176 ού

107 2209 268 2276 συνιέναι.
292 2205 374 2294 μετὰ
391 2209 429 2276 όέ
442 2215 546 2277 ταῦτα
562 2208 703 2296 δεύτερα
719 2205 941 2286 καταστάντες
955 2205 1038 2276 άλλο
1054 2207 1115 2292 μὲν

107 2303 202 2374 είπον
217 2300 334 2391 ούόὲυ,
350 2304 506 2375 θύλακον
520 2306 558 2374 ab
573 2308 733 2393 φέροντες
748 2311 878 2391 ἔφασαν
887 2301 949 2372 τὸν
959 2298 1114 2374 θύλακον

106 2398 257 2488 ιἰλφίτων
278 2404 423 2472 δέεσθαι.
460 2408 495 2473 οί
516 2407 555 2472 δέ
576 2424 638 2490 σφι
659 2401 883 2491 ὑπεκρίναντο
903 2409 950 2493 τῷ
973 2398 1115 2490 θυλάκῳ

59 2515 93 2571 47
108 2499 367 2586 περιεργάσθαι·
402 2504 549 2597 ῥωθέειν
560 2497 592 2567 θ’
606 2492 656 2568 όν
670 2503 762 2579 ἔδοξε
777 2496 915 2567 αύτοῑσι.
943 2500 1011 2566 Καὶ
1025 2503 1116 2566 ἔπει-

107 2625 165 2667 τεν
180 2601 518 2688 παρασκευασάμενοι
533 2602 772 2688 ἐστρατεύοντο
787 2597 1049 2686 Λακεθαιμόνιοι
1063 2600 1116 2666 ἐπὶ

107 2694 244 2782 Σάμον,
261 2693 306 2774 ὡς
322 2697 384 2783 μὲν
399 2699 526 2784 Σάμιοι
542 2701 695 2784 λέγουσι,
713 2694 903 2785 εύεργεσίας
918 2698 1115 2782 ἐκτίνοντες,
1149 2694 1152 2699 ’

107 2790 159 2861 ὅτι
180 2813 242 2881 σφι
261 2795 419 2884 πρότεροι
444 2795 539 2865 αὐτοὶ
563 2799 664 2884 νηυσὶ
693 2793 872 2882 ἐβύθησαν
901 2795 955 2863 ἐπὶ
973 2801 1116 2880 Μεσση-

106 2897 219 2979 νίους,
242 2889 287 2971 ὡς
307 2893 345 2962 δέ
358 2892 620 2980 Λακεδαιμόνιοι
640 2896 794 2981 λέγουσι,
816 2891 880 2962 οὐκ
900 2891 991 2962 οὕτω
1011 2918 1117 2979 τιμω·

106 2997 205 3078 ρήσαι
227 2995 414 3079 δεομένοισι
427 2999 589 3080 Σαμίοισι
609 2992 848 3077 ἐστρατεύοντο
888 2989 933 3071 ὡς
955 2999 1113 3060 τίσασθαι

105 3088 308 3178 βουλόμενοι
324 3098 386 3159 τοῦ
400 3097 565 3181 κρητῆρος
577 3098 635 3183 τῇς
650 3088 820 3184 ἁρπαγῆς,
835 3088 895 3159 τὸν
908 3082 995 3178 ήγον
1009 3096 1115 3177 Κροί-

105 3207 172 3278 σφ,
194 3189 250 3255 καὶ
264 3195 326 3256 τοῦ
338 3189 513 3276 θώρηκος,
535 3187 596 3259 τόν
612 3187 887 3277 αύτοτσιἍμασις
903 3186 922 3258 ὁ
937 3187 1115 3276 Αἰγύπτου

105 3280 262 3372 βασιλεὺς
280 3290 406 3372 έπεμψε
423 3290 543 3373 θόρον.
566 3290 622 3356 καλ
637 3286 703 3375 γάρ
720 3289 862 3376 θώρηκα
878 3290 1052 3374 ἐληίσαντο
1069 3286 1115 3376 τῷ

105 3382 257 3473 προτέρφ
273 3378 379 3469 έτετή
401 3381 462 3452 τόν
481 3393 631 3473 κρητῆρα
653 3390 688 3455 οί
700 3386 843 3472 Σάμιοι,
864 3384 963 3454 έόντα
980 3384 1043 3472 μέν
1063 3389 1114 3455 λί-

86 3546 181 3576 ⁴*-
