2354 3840
147 190 210 255 228
471 148 482 169 ο
527 196 778 255 HERODOTI

147 352 268 439 γόντα,
286 358 320 422 ολ
332 356 369 421 δέ
383 355 417 431 ές
436 351 498 439 τὴν
515 351 683 439 Ἐρυθρὴν
697 352 876 421 θάλασσαν
895 360 1145 443 προσαγαγονττ

99 473 133 527 ³1
150 459 410 522 καταποντῶσαι.
454 460 597 540 Πρῶτον
610 452 674 538 μὲν
694 447 735 537 66
751 454 887 538 λέγουσι
901 448 1072 544 Καμβύση
1085 460 1144 523 τῶν

147 560 261 622 κακῶν
282 551 379 636 ἄρξαι
400 560 515 638 τοῦτο,
538 553 679 638 δεύτερα
701 552 737 619 δέ
756 554 954 639 ἐξεργάσατο
972 550 1036 641 τὴν
1055 551 1144 623 άδελ-

148 651 235 737 φεην
249 652 475 736 ἐπισπομένην
489 655 523 718 ολ
536 653 569 729 ἐς
583 660 775 735 Αἴγυπτον,
796 655 837 738 τῇ
857 651 914 718 ιιαλ
928 656 1085 719 συνοίκεε
1097 650 1142 719 κτλ

148 741 191 834 ἦν
211 751 245 814 oc
263 744 323 813 ἀπ’
349 743 549 833 ἀμφοτέρων
573 746 729 834 ἀδελφεή.
763 752 863 833 ἐγημε
884 748 922 815 δὲ
941 744 1051 835 αύτὴν
1071 738 1142 815 ῶδε·

148 844 302 931 οὐδαμῶς
314 843 378 932 γάρ
395 846 548 915 ἐώθεσαν
564 846 731 933 πρότερον
743 851 818 934 τῇσι
840 841 1022 935 ἀδελφεῇσι
1036 865 1142 915 συνοι-

148 946 237 1013 κέειν
251 945 396 1030 Πέρσαι·
418 943 554 1030 ἠράσθη
575 949 652 1031 μιῆς
667 948 738 1010 τῶν
758 936 933 1035 άδελφεῶν
956 940 1140 1032 Καμβύσης,

148 1043 203 1109 καὶ
219 1046 347 1107 ἔπειτεν
367 1041 574 1126 βουλόμενος
595 1036 702 1124 αὐτὴν
724 1045 845 1124 γῆμαι,
866 1036 918 1105 ὅτι
938 1036 1002 1106 ούιι
1023 1037 1152 1115 έωδύττ,

149 1137 282 1207 ἐπενόεε
305 1137 475 1224 ποιήσειν,
497 1149 602 1221 εἴρετο
625 1137 766 1212 καλέσας
784 1130 864 1213 τούς
884 1141 1080 1221 βασιληίους
1098 1138 1139 1202 δι·

149 1235 282 1321 καστάς,
298 1245 331 1305 ελ
341 1262 390 1314 τις
402 1242 469 1304 ἐστι
484 1235 632 1305 κελεύων
647 1234 750 1320 νόμος
760 1230 820 1300 τὸν
831 1231 1042 1319 βουλόμενον
1056 1230 1139 1301 άδελ-

150 1342 215 1424 φεῇ
242 1337 509 1403 συνοικέεινλ
474 1339 509 1403 ολ
535 1333 765 1419 δέβασιλτίιοι
790 1330 940 1397 δικασταὶ
964 1330 1137 1417 κεκριμένοι

149 1433 270 1517 ἄνδρες
286 1437 437 1516 γίνονται
446 1434 624 1517 Περσέων,
639 1434 672 1509 ἐς
684 1455 726 1496 ου
712 1420 977 1496 αποθανωσι
953 1455 975 1515 η
992 1447 1054 1515 σφι
1066 1451 1139 1509 πνρ-

151 1532 276 1614 ευρεθῄ
285 1551 317 1592 τι
331 1524 468 1613 άδικον,
484 1531 578 1614 μέχρι
588 1525 727 1595 τούτου·
751 1516 845 1592 οὗτοι
860 1524 897 1591 δέ
908 1537 994 1592 τοῖσι
1004 1529 1139 1613 Πέρσησι

150 1630 244 1701 δίκας
258 1622 429 1704 δικάζουσι
450 1627 506 1692 καὶ
523 1624 676 1711 ἐξηγηταὶ
694 1627 763 1689 τῶν
783 1626 933 1704 πατρίων
945 1627 1086 1709 θεσμῶν
1099 1625 1142 1707 γλ

150 1747 282 1807 νονται,
304 1723 360 1789 καλ
375 1720 486 1789 πάντα
500 1723 532 1800 ἐς
546 1720 687 1798 τούτους
701 1717 884 1787 ἀνακέεται.
908 1721 1084 1804 εἰρομένου
1103 1708 1143 1785 ύν
1173 1792 1176 1817 1

149 1848 210 1892 του
195 1819 452 1908 Καμβύσεω*
434 1827 656 1909 υιτεκρίνοντο
677 1815 767 1907 αύτφ
784 1809 877 1885 οὗτοι
897 1818 954 1885 καλ
973 1821 1085 1885 δίκαια
1098 1816 1144 1884 καὶ

150 1918 311 2005 ἀσφαλέα,
326 1918 472 2006 φάμενοι
486 1919 594 2004 νόμον
609 1914 731 1985 οὐδένα
746 1912 995 2001 ἐξευρίσκειν,“
974 1938 1012 1991 ος
1025 1911 1145 1982 κελεύει

150 2014 296 2104 ἀδελφεῇ
309 2019 497 2084 συνοικέειν
509 2012 685 2099 άδελφεδν,
700 2009 804 2080 ἄλλον
814 2012 927 2097 μέντοι
941 2011 1146 2097 ἐξευρηκέναι

150 2114 274 2198 νόμον,
291 2137 338 2201 τφ
323 2113 565 2199 βασιλεύοντι
580 2113 741 2197 Περσέων
758 2111 878 2188 έξελναι
893 2110 1022 2175 ποιέειν
1056 2103 1093 2175 τδ
1108 2101 1147 2174 άν

151 2208 322 2296 βούληται
346 2206 434 2275 οὕτω
450 2206 527 2274 ούτε
540 2203 601 2273 τδν
614 2206 722 2293 νόμον
737 2209 860 2273 ἔλυσαν
875 2208 1045 2285 δείσαντες
1057 2211 1147 2291 Καμ-

150 2303 272 2392 βύσην,
287 2306 344 2372 ἵνα
358 2330 394 2372 τε
408 2331 452 2391 μη
441 2301 563 2371 αὐτοὶ
577 2294 768 2370 άπόλωνται
781 2298 842 2370 τδυ
855 2301 963 2389 νόμον
980 2305 1147 2390 περιστέλ-

150 2409 275 2488 λοντες,
290 2405 498 2490 παρεξεῦρον
512 2399 616 2468 άλλον
621 2399 738 2565 ὲνόμον
752 2399 927 2486 σύμμαχον
940 2426 987 2493 τφ
972 2404 1148 2470 ἐθέλοντι

149 2501 285 2586 γαμέειν
306 2495 479 2585 ἀδελφεάς.
503 2498 577 2566 τότε
596 2493 717 2584 μὲνδὴ
739 2495 957 2617 ὁΚαμβύσης
976 2492 1126 2585 ἐγημε
1092 2522 1149 2584 την

150 2588 337 2682 ἐρωμένην,
360 2595 440 2681 μετὰ
462 2597 575 2682 μέντοι
597 2592 638 2663 ού
660 2591 788 2664 πολλὸν
808 2594 933 2682 χρόνον
956 2598 1030 2680 ἔσχε
1049 2591 1149 2681 ἄλλην

148 2695 333 2782 ἀδελφεήν
355 2694 485 2764 τούτων
506 2700 588 2782 δῆτα
604 2692 666 2781 τὴν
686 2699 854 2782 νεωτέρην
874 2696 1150 2782 ἐπισπομένην’
1122 2720 1147 2761 οι

101 2815 135 2870 32
151 2790 202 2861 ἐπ’
218 2801 393 2877 Αἴγυπτον
404 2799 534 2861 κτείνει.
565 2790 663 2878 Ἀμφὶ
678 2792 773 2882 δέτφ
759 2791 923 2883 θανάτῳ
936 2790 1039 2879 αὐτῆς
1053 2787 1149 2877 διξός,

151 2891 262 2978 ῶσπερ
279 2892 355 2976 περὶ
368 2892 550 2979 Σμέρδιος,
565 2893 694 2976 λέγεται
708 2891 816 2978 λόγος.
841 2889 998 2978 Ἕλληνες
1010 2897 1075 2979 μέν
1088 2890 1148 2981 γάρ

152 2993 284 3077 λέγουσι
295 2989 482 3077 Καμβύσην
491 2995 676 3076 συμβαλεῖν
701 2988 854 3076 σκύμνον
864 2991 998 3067 λέοντος
1009 2989 1149 3058 σκύλακι

149 3084 269 3172 κυνδς,
283 3089 446 3172 θεωρέειν
460 3084 496 3154 δέ
510 3087 566 3154 καὶ
578 3081 640 3172 τὴν
654 3099 799 3172 γυναῖκα
809 3083 947 3173 ταύτην,
956 3090 1150 3174 νικεομένου

150 3183 186 3249 δέ
203 3188 264 3248 τοῦ
278 3179 444 3261 σκύλακος
460 3180 626 3268 ἀδελφεὸν
641 3180 747 3252 αύτοῦ
762 3182 865 3253 ἄλλον
879 3185 1030 3254 σκύλακα
1044 3183 1150 3271 ἄπορ-

151 3274 294 3362 ρύξαντα
314 3277 376 3349 τδν
391 3277 515 3367 δεσμὸν
537 3284 788 3368 παραγενέσθαι
806 3285 855 3366 oc,
877 3279 939 3349 δύο
956 3279 992 3350 δὲ
1010 3282 1151 3371 γενομέ-

150 3400 231 3454 νους
245 3376 334 3446 οὕτω
348 3376 390 3466 66
404 3374 484 3457 τούς
499 3379 667 3458 σκύλακας
682 3382 896 3465 ἐπικρατῆσαι
910 3384 971 3448 τοῦ
985 3378 1146 3464 σκύμνου.
