2354 3840
142 207 204 268 242
518 209 769 267 HERODOTI

143 349 332 455 νησιωτέων
349 369 490 455 μάλιστα
506 366 687 433 ἐπλούτεον
701 364 759 432 άτε
773 364 900 433 ἐόντων
914 364 1046 435 αὐτοῖσι
1059 370 1138 457 ἐντί

140 469 233 559 νήσῳ
248 470 400 554 χρυσέων
415 467 469 531 καὶ
483 460 660 547 ἀργυρέων
674 464 857 547 μετάλλων,
875 462 966 531 οὕτω
983 463 1068 532 ὥστε
1081 462 1136 532 άπδ

140 575 197 654 τῆς
213 567 353 653 δεκάτης
368 572 436 632 τόν
452 564 642 649 γινομένων
658 560 808 630 αὐτόθεν
820 564 1000 649 χρημάτων
1014 576 1137 653 θησαυ-

140 664 199 755 ρδς
215 669 252 734 ἐν
269 673 433 750 Δελφοῖσι
449 660 622 729 άνακέεται
631 663 744 749 ὁμοῖος
758 675 843 729 τοῖσι
850 665 1138 733 πλουσιωτάτοισω

140 763 235 831 αάτοὶ
251 766 287 831 δὲ
301 760 342 830 τά
362 761 526 848 γινόμενα
545 768 591 851 τῷ
607 763 749 851 ἐνιαυτῷ
765 762 892 852 ἑκάστῳ
910 763 1062 849 χρήματα
1077 769 1134 833 διε-
1176 784 1177 801 ’

140 865 290 947 νέμοντο.
312 859 367 928 ὅτε
385 852 434 926 όν
449 860 623 926 ἐποιεῦντο
640 854 701 925 τόν
717 856 913 944 θησαυρόν,
932 862 1084 945 ἐχρέοντο
1099 866 1135 952 τῷ

139 967 341 1049 χρηστηρίῳ,
365 963 395 1025 εί
410 953 540 1023 αὐτοῖσι
560 953 600 1022 τά
621 955 789 1043 παρεόντα
811 953 924 1043 ἀγαθά
947 953 1003 1024 οἷά
1023 960 1062 1027 τέ
1078 961 1133 1026 ἐστι

138 1056 264 1126 πολλόν
287 1055 412 1144 χρόνον
436 1056 658 1140 παραμένειν·
692 1050 713 1139 ή
741 1056 778 1121 δὲ
800 1059 918 1140 Πυθίη
942 1058 1063 1142 ἔχρησέ
1084 1077 1135 1142 σφι

138 1157 231 1224 τάδε·
1109 1158 1112 1163 ’

156 1250 243 1322 Ἀλλ’
261 1249 343 1319 ὅταν
357 1252 394 1318 ἐν
408 1256 529 1339 Σίφνῳ
546 1247 735 1334 πρυτανήια
749 1246 852 1317 λευκὰ
867 1253 1002 1338 γένηται

158 1349 360 1436 Λεάκοφρός
374 1345 404 1415 τ’
424 1343 548 1433 άχορή,
570 1345 643 1412 τότε
658 1342 699 1432 δή
716 1351 769 1414 δεῖ
780 1349 975 1434 φράδμονος
989 1346 1112 1436 άνδρός

159 1448 382 1533 Φράσσασθαι
399 1443 537 1524 ξύλινόν
550 1469 585 1510 τε
599 1442 701 1529 λόχον
715 1444 849 1531 κήρυκά
863 1443 893 1513 τ’
910 1447 1070 1532 ἐρυθρόν.

137 1561 222 1614 τοῖσι
238 1545 273 1612 δὲ
289 1549 463 1629 Σιφνίοισι
483 1540 558 1610 τότε
573 1533 619 1627 ήν
637 1539 662 1627 ἡ
679 1537 785 1628 ἀγορή
806 1544 860 1610 καὶ
881 1540 918 1611 τό
935 1544 1138 1632 πρυτανήιον

95 1652 254 1734 οεΠαρίῳ
270 1650 356 1733 λίθῳ
370 1639 549 1729 ἠσκημένα.
597 1647 727 1709 Τοῦτον
739 1638 800 1709 τόν
819 1641 970 1730 χρησμόν
990 1642 1054 1713 οὐκ
1077 1641 1143 1713 οἶοί

136 1770 171 1810 τε
185 1736 272 1831 ήσαν
288 1748 416 1827 γνῶναι
434 1738 511 1807 οὔτε
533 1738 607 1806 τότε
627 1737 707 1817 ίθύς
728 1737 805 1807 οὔτε
821 1747 890 1808 τῶν
906 1747 1049 1835 Σαμίων
1063 1740 1140 1810 άπι-

136 1845 277 1929 ημένων.
317 1842 424 1910 ἐπείτε
447 1834 512 1925 γάρ
533 1832 668 1922 τάχιστα
689 1835 773 1923 πρός
788 1835 848 1924 τήν
863 1845 998 1925 Σίφνον
1019 1843 1138 1928 προσέ-

137 1958 218 2024 σχον
233 1943 267 2006 οί
278 1937 420 2023 Σάμιοι,
436 1941 584 2020 ἔπεμπον
594 1939 662 2001 τόν
676 1941 760 2009 νεῶν
771 1942 851 2021 μίαν
862 1939 1026 2024 πρέσβεας
1037 1937 1139 2024 άγον-

137 2055 200 2102 σαν
218 2037 251 2112 ές
270 2031 332 2120 τήν
354 2033 463 2100 πόλιν.
486 2028 524 2098 τό
547 2032 583 2098 δέ
602 2032 746 2102 παλαιδν
770 2032 895 2101 άπασαι
916 2040 953 2102 αί
966 2039 1040 2113 νέες
1053 2031 1139 2122 ἦσαν

136 2135 362 2220 μιλτηλιφέες·
395 2131 449 2196 καὶ
473 2121 518 2214 ήν
542 2127 723 2215 τοῦτο,τὸ
747 2125 768 2216 ἡ
793 2137 905 2218 Πυθίη
932 2132 1140 2220 προηγόρευε

134 2242 219 2297 τοῖσι
240 2232 414 2312 Σιφνίοισι
438 2224 654 2310 φυλάξασθαι
673 2224 734 2305 τόν
751 2231 889 2306 ξύλινον
906 2229 1008 2316 λόχον
1022 2231 1139 2301 κελεά-

135 2346 221 2395 ουσα
241 2327 297 2392 καὶ
318 2322 448 2410 κήρυκα
472 2323 632 2411 ἐρυθρόν.
666 2321 863 2411 άπικόμενοι
887 2321 936 2393 όν
955 2333 991 2398 οί
1004 2327 1140 2416 άμγελοι

135 2427 266 2493 ἐδέοντο
294 2428 361 2489 τῶν
386 2428 542 2507 Σιφνίων
566 2424 647 2490 δέκα
671 2423 817 2491 τάλαντά
844 2445 905 2511 σφι
924 2437 1063 2514 χρῆσαι·
1099 2421 1140 2494 οά

135 2520 337 2613 φασκόντων
358 2520 395 2586 δὲ
409 2519 547 2607 χρήσειν
567 2528 635 2587 τῶν
649 2529 806 2607 Σιφνίων
821 2521 950 2592 αὐτοῖσι
966 2538 998 2596 οί
1015 2527 1141 2615 Σάμιοι

134 2617 213 2695 τους
226 2616 356 2702 χάρους
373 2614 486 2684 αὐτόν
500 2618 676 2705 ἐπόρθεον.
703 2620 893 2705 πυθόμενοι
910 2620 942 2689 δ’
961 2622 1042 2704 ίθός
1057 2617 1140 2712 ἧκον

134 2721 168 2785 οί
180 2722 320 2799 Σίφνιοι
348 2715 553 2800 βωθέοντες,
578 2717 632 2783 καὶ
648 2716 875 2803 συμβαλόντες
889 2716 1019 2787 αὐτοῖσι
1035 2722 1139 2788 ἑσσά-

132 2825 261 2900 θησαν,
288 2811 343 2879 καλ
364 2807 476 2877 αὐτῶν
497 2815 614 2881 πολλοὶ
638 2810 913 2900 ἀπεκληίσθησαν
936 2823 999 2884 τοῦ
1023 2815 1140 2897 ἄστεος

132 2910 198 2981 ὑπὸ
221 2918 289 2978 τῶν
309 2916 465 2994 Σαμίων·
488 2913 543 2978 καὶ
563 2909 688 2990 αότούς
710 2910 791 2999 μετά
812 2920 916 2981 ταῦτα
938 2913 1059 2982 έκατόν
1079 2916 1139 2983 τά·

88 3031 121 3084 59
132 3022 235 3079 λαντα
248 3012 401 3093 ἔπρηξαν.
434 3006 532 3093 Παρά
545 3010 580 3076 δέ
589 3008 792 3096 Ἑρμιονέων
803 3019 908 3098 νήσου
921 3010 996 3081 άντὶ
1008 3016 1140 3100 χρημά-

131 3137 199 3176 των
225 3109 432 3193 παρέλαβον,
459 3106 597 3193 ’Υδρέην
623 3106 685 3194 τήν
709 3112 761 3177 έπλ
784 3112 1051 3202 Πελοποννήσῳ,
1084 3115 1140 3181 καλ

126 3203 234 3292 αὐτήν
252 3216 468 3296 Τροιζηνίοισι
481 3211 767 3297 παρακατέθεντο·
798 3205 895 3279 αάτολ
907 3208 946 3280 δέ
959 3217 1145 3301 Κυδωνίην

126 3307 187 3393 τήν
213 3310 249 3374 έν
268 3309 383 3397 Κρήτη
408 3316 538 3378 ἔκτισαν
563 3307 625 3377 οόκ
650 3311 822 3380 ἐπὶτοῦτο
846 3311 1034 3400 πλόοντες,
1058 3311 1145 3385 άλλά

87 3421 90 3426 ’
129 3415 344 3487 Ζακυνθίους
353 3411 533 3490 ἐξελέοντες
548 3413 583 3479 ἐκ
597 3411 778 3498 τήςνήσου.
799 3417 933 3501 ἔμειναν
943 3412 976 3482 δ’
988 3417 1024 3484 ἐν
1037 3416 1145 3509 ταότη
