2354 3840
116 199 159 262 96
494 204 745 264 HERODOTI

118 364 225 433 έκελθι
238 367 394 449 κοιμᾶται
408 362 446 431 έν
462 369 522 454 τῷ
522 387 583 431 του
569 358 679 440 Διός
692 385 757 428 τον.
738 365 927 450 Θηβαιέος
937 354 1117 453 γυνη,ιἰμ-

119 459 260 549 φότεραι
278 451 375 529 δὲ
330 485 429 529 αυται
435 463 601 547 λέγονται
616 457 753 546 ἀνδρων
766 457 926 548 οῦδαμῦν
941 462 977 542 ές
990 458 1117 584 ὁμιλίην

120 567 275 651 φοιτᾶν),
290 562 346 631 καί
359 560 518 650 κατάπερ
536 563 574 631 έν
588 559 831 648 Πατάροισι
790 587 848 649 της
861 556 1023 649 Λνιιίης’
1004 587 1028 649 η
1041 558 1118 648 πρό-
1151 633 1154 653 Ι

120 688 238 748 μαντις
252 667 314 727 τοῦ
333 665 438 746 θεοῦ,
461 656 564 731 έπεάν
588 661 740 746 γένηται·
763 656 805 729 οῦ
820 655 885 745 γάρ
908 685 964 727 ων.
977 659 1119 729 amm
1151 666 1155 697 ²

121 757 323 848 χρηστήριον
337 754 477 827 αύτόθι·
500 755 604 826 έπεάν
618 757 656 825 δέ
672 759 823 843 γένηται,
844 755 919 826 τότε
935 748 1120 843 ἀνσνγκα-
1154 748 1158 797 ³

53 879 105 934 183
120 863 310 944 ταιιληίεται
325 853 384 934 τάς
400 855 525 933 νύκτας
546 861 611 923 έσω
627 857 665 923 έν
679 861 725 946 τῷ
739 860 820 945 νηῷ.
856 853 949 924 ’Ἐστι
963 855 1002 924 δέ
1015 859 1077 923 τοῦ
1089 854 1123 921 έν
1156 924 1159 933 ,

120 960 301 1042 Βαβυλῶνι
315 957 393 1039 ίροῦ
407 954 463 1023 καὶ
473 952 573 1032 ἀλλος
586 952 677 1021 κάτω
691 950 783 1038 νηός,
798 956 884 1019 ἔνθα
895 949 1037 1039 ἄγαλμα.
1046 950 1121 1038 μέγα
1156 940 1159 951 ’

121 1060 183 1123 τοῦ
194 1049 278 1130 Διός
292 1056 342 1121 ἔνι
353 1050 543 1138 κατήμενον
556 1050 712 1137 χρύσεον,
727 1055 785 1119 καί
796 1054 830 1118 oc
842 1049 989 1137 τράπεζα
998 1046 1121 1136 μεγάλη

123 1154 325 1239 παρακέεται
334 1152 468 1237 χρυσέη,
482 1150 539 1217 καὶ
552 1147 590 1216 τό
604 1149 740 1236 βάθρον
755 1153 789 1217 οέ
801 1151 856 1215 καὶ
870 1145 888 1216 δ
902 1147 1034 1236 θρόνος
1047 1142 1122 1234 γρῦ
1167 1190 1169 1195 -

124 1249 199 1328 σεός
214 1250 292 1317 έστι.
322 1249 378 1315 καί
391 1243 437 1327 ὡς
453 1252 569 1333 έλεγον
591 1251 624 1315 οί
635 1250 815 1331 Χαλδαῖοι,
836 1245 1013 1315 ταλάντων
1030 1241 1122 1313 ἀκτα-

123 1358 248 1419 κοσίων
267 1352 410 1435 χρυσίον
430 1353 606 1433 πεποίηται
620 1352 733 1414 ταῦτα,
757 1351 819 1426 έξοι
831 1346 870 1414 δέ
882 1352 943 1413 τοῦ
958 1351 1049 1432 νηοῦ
1061 1350 1123 1433 βω-

125 1447 186 1533 μός
201 1449 269 1514 έστι
283 1444 433 1532 χρύσεος.
457 1450 526 1512 ἔστι
542 1444 578 1512 δὲ
593 1446 649 1512 καὶ
666 1442 765 1522 ἀλλος
778 1440 890 1531 βωμός
905 1446 1025 1530 μέγας,
1047 1438 1123 1510 όκοο

123 1547 245 1615 θύεται
259 1539 300 1609 τά
321 1544 416 1611 τέλεα
436 1549 504 1609 τῶν
525 1543 721 1630 προβάτων·
746 1544 799 1611 έπδ
818 1540 883 1629 γάρ
904 1547 967 1610 τοῦ
986 1541 1124 1628 χρυσέου

125 1648 243 1732 βωμοῦ
258 1637 443 1723 οῦκιέξεστι
459 1641 580 1729 θύειν,
602 1639 654 1708 ότι
670 1639 715 1728 μη
732 1639 910 1728 γαλαθηνὰ
925 1646 1056 1727 μοῦνα,
1079 1638 1125 1707 lul

125 1743 162 1810 δὲ
176 1747 237 1807 τοῦ
254 1741 389 1825 μέζονος
404 1744 521 1826 βωμοῦ
535 1741 591 1807 καὶ
605 1745 816 1825 καταγίζουσι
840 1743 1034 1826 λιβανωτοῦ
1045 1742 1126 1824 χίλια

124 1839 269 1907 τάλαντα
284 1842 372 1914 ἔτεος
388 1837 530 1905 ἑκάστου
545 1841 579 1904 οί
590 1841 751 1906 Χαλδαῖοι
766 1837 857 1925 τότε,
873 1835 978 1906 έπεάν
993 1834 1058 1925 τὴν
1070 1832 1126 1923 δρ-

125 1934 187 2023 τήν
202 1932 307 2020 ἀγωσι
317 1940 363 2024 τῷ
373 1939 445 2025 θεῷ
459 1933 583 2025 τούτῳ·
602 1927 647 2022 ἦν
659 1936 696 2002 δὲ
711 1936 748 2003 έν
760 1942 806 2025 τῷ
817 1936 948 2022 τεμένεϊ
958 1933 1070 2028 τοῦτμ
1082 1938 1125 2004 έτι

125 2033 186 2102 τὸν
200 2031 326 2120 χρόνον
342 2031 473 2100 ἐκεῖνον
487 2033 543 2100 καὶ
560 2029 1036 2120 ἀνδριάςδυάδεκαπηχέων,
1050 2028 1128 2120 κοῦ·

126 2150 218 2216 σεος,
244 2125 386 2216 στερεός.
421 2127 486 2215 έγάι
509 2134 571 2216 μέν
593 2156 653 2216 μιν
672 2127 735 2198 οῦκ
757 2130 864 2218 είδον,
887 2127 927 2198 τά
943 2131 981 2200 δέ
1003 2132 1128 2217 λέγεται

126 2226 192 2298 ὑπό
210 2231 405 2315 Χαλδαίων,
427 2235 532 2296 ταῦτα
552 2233 647 2315 λέγω.
675 2230 782 2320 τούτῳ
803 2237 848 2322 τῷ
869 2226 1128 2317 ἀνδριάντιΔα-

129 2342 217 2413 ρεϊος
233 2325 296 2412 μέν
311 2322 540 2406 δ’θστάσπεος
561 2327 801 2414 ἐπιβουλεύσας
818 2324 881 2396 οῦκ
898 2326 1061 2414 ἐτόλμησε
1073 2334 1125 2397 λιι·

126 2434 217 2513 βεῖν,
236 2425 359 2511 ,Ξέρξης
374 2422 410 2490 δέ
426 2419 443 2491 ὁ
455 2430 607 2512 Δαρείου
621 2429 719 2511 ἔλαβε
733 2420 860 2492 καὶτὸν
874 2425 947 2511 ίρέα
962 2420 1130 2493 ἀπέκτεινε

127 2522 383 2610 ἀπαγορεύοντα
394 2519 439 2609 μὴ
454 2528 579 2591 κινέειν
593 2519 653 2591 τόν
666 2518 859 2610 ἀνδριάντα.
882 2517 920 2590 τό
932 2521 996 2608 μέν
1007 2516 1131 2609 δήέρδν

126 2627 225 2689 τοῦτο
247 2617 336 2686 οὕτω
359 2619 578 2706 κεκόσμηται,
606 2624 676 2687 ἔστι
702 2620 739 2688 δέ
760 2621 816 2687 καὶ
838 2622 907 2687 ίδια
932 2613 1131 2706 ἀναθήματα

61 2741 113 2797 134
127 2716 244 2786 πολλά.
288 2723 353 2802 Τῆς
375 2718 411 2783 δέ
425 2723 629 2804 Βαβυλῶνος
650 2717 773 2803 ταύτης
787 2720 905 2787 πολλοὶ
925 2720 989 2804 μέν
1002 2742 1069 2785 κου
1081 2714 1133 2784 καὶ

128 2813 223 2883 ἄλλοι
244 2814 399 2899 ἐγένοντο
417 2814 585 2900 βασιλέες,
606 2821 675 2881 νῦν
696 2817 734 2882 έν
750 2827 836 2882 τοίσι
847 2811 1054 2899 Ἀσσυρίοισι
1077 2808 1133 2881 λό·

126 2931 217 2999 γοισι
225 2909 368 3030 μνήμην
388 2911 588 2997 ποιήσομαι,
611 2908 701 2979 ολτά
721 2912 828 2999 τείχεά
845 2937 880 2980 τε
902 2908 1133 3031 ἐπεκόσμησαν

127 3010 236 3076 καὶτα
225 3002 327 3093 ι’ρά,
350 3006 387 3073 ἐν
401 3006 438 3074 δέ
452 3004 492 3092 δη
506 3011 562 3075 καὶ
578 3022 735 3095 γυναικες
751 3009 829 3077 δύο
851 3004 950 3096 ημδν
967 3008 1134 3095 πρότερον

102 3118 104 3122 “
128 3104 272 3220 ἀρξασα,
293 3109 351 3188 τῆς
362 3102 506 3191 υστερον
516 3115 651 3196 γενεησι
666 3111 765 3176 πεντε
775 3108 944 3195 προτερον
958 3110 1133 3195 γενομένη,

127 3206 168 3290 τῇ
187 3197 317 3285 ούνομα
333 3227 378 3287 ην
394 3210 596 3292 Σεμίραμις,
619 3202 703 3291 αῦτη
724 3206 765 3292 μέ
766 3233 787 3274 ν
804 3204 984 3287 ἀπεδέξατο
1000 3206 1135 3306 χεόματσ

128 3293 193 3367 ἀνά
214 3293 251 3365 τό
273 3302 390 3367 πεδίον
411 3300 509 3369 έόντα
530 3300 725 3388 ἀξιοθέητα·
747 3303 915 3392 πρότερον
935 3302 974 3372 δέ
987 3292 1134 3375 έοέθεεδ

63 3410 112 3466 186
125 3392 272 3484 ποταμός
286 3391 352 3465 άνά
367 3395 403 3466 τό
423 3402 541 3467 πεδίον
554 3406 624 3468 πᾶν
639 3408 841 3489 πελαγίζειν·
863 3428 885 3488 η
872 3398 940 3469 δέ
959 3398 1003 3493 δη
1022 3402 1135 3473 δεῦτε
