2354 3840
139 212 202 274 224
521 211 770 268 HERODOTI

139 401 170 441 τι
186 379 302 459 ἔλεγον
320 368 404 436 εἶναι
425 373 458 436 οί
476 369 681 435 κατάσκοποι
697 366 780 435 ὥστε
793 373 899 456 μηδὲν
914 368 991 439 οἶόν
1004 399 1043 441 τε
1060 373 1140 442 εἶναι

138 469 191 540 ἐπ’
208 467 315 538 αι’ττού
330 465 526 552 ἐπιπλάειν,
548 466 630 553 μήτε
645 467 747 546 ξύλον
761 469 842 554 μήτε
862 475 931 536 τῶν
953 468 1020 538 όσα
1039 473 1141 552 ξύλου

137 573 204 640 ἐστὶ
225 568 449 655 ἐλαφρότερα,
470 564 554 634 ἀλλά
571 568 680 634 πάντα
695 571 781 654 σφέα
799 572 938 657 χωρέειν
952 574 987 650 ἐς
1001 574 1137 660 βυσσόν

136 696 174 736 το
163 666 229 734 δέ
243 666 336 752 ὕδωρ
355 667 455 732 τοῦτο
476 674 510 730 εί
528 673 593 751 σφί
611 668 679 733 ἐστι
693 664 845 752 ἀληθέως
865 665 940 739 οἷόν
954 698 987 738 τι
1001 675 1137 771 λέγεται,

136 763 192 832 διὰ
209 770 307 830 τοῦτο
324 759 368 828 ἀν
383 761 466 848 εἶεν,
488 763 596 852 τούτῳ
610 759 650 828 τά
666 763 776 830 πάντα
794 765 992 854 χρεόμενοι,
1013 752 1135 856 μακρά·

136 873 213 952 βιοι.
237 860 301 931 ἀπό
314 869 371 949 τῆς
382 862 508 948 κρήνης
519 861 555 929 δέ
567 830 902 983 ἀπαλλασσομένωχ’
883 880 1024 951 αγαγείν
1037 871 1135 953 σφέας

136 965 170 1040 ἐς
187 959 415 1046 δεσμωτήριον
435 957 588 1045 ἀνδρῶν,
611 965 697 1026 ἔνθα
717 958 796 1039 τούς
815 963 944 1042 πάντας
963 967 1003 1031 έν
1022 968 1134 1054 πέδῃσι

135 1060 292 1146 χρυσέῃσι
314 1062 479 1125 δεδέσθαι.
515 1062 583 1124 ἐστι
607 1057 642 1124 δὲ
661 1059 698 1125 ἐν
720 1059 868 1128 τούτοισι
888 1076 975 1130 τοῖσι
996 1069 1132 1142 Αἰθίοψι

135 1158 272 1226 πάντων
294 1154 312 1225 ὁ
327 1154 448 1242 χαλκός
462 1158 694 1224 σπανιώτατον
709 1162 764 1226 καί
774 1161 982 1246 τιμιάτατον.
1006 1164 1132 1250 θηησά·

135 1282 230 1345 μενοι
252 1256 288 1323 δέ
310 1259 365 1323 καί
388 1253 425 1322 τό
452 1256 679 1342 δεσμωτήριον
699 1257 889 1345 ἐθηήσαντο
911 1263 966 1328 καί
991 1259 1055 1347 τήν
1079 1266 1131 1328 τοῦ
1173 1310 1175 1323 ,

85 1374 120 1426 24
135 1358 232 1448 ἡλίου
247 1361 431 1443 λεγομένην
442 1357 615 1441 τράπεζαν.
645 1355 743 1424 Μετά
759 1358 795 1424 δὲ
809 1359 936 1445 ταύτην
950 1366 1132 1437 τελευταίας

134 1458 322 1543 ἐθηήσαντο
337 1451 396 1531 τάς
415 1455 525 1540 θήκας
540 1453 670 1539 αὐτῶν,
693 1463 730 1522 αἳ
742 1458 894 1541 λέγονται
916 1457 1138 1536 σκευάζεσθαι·

134 1557 166 1634 ἐξ
187 1553 290 1622 ύέλου
313 1552 426 1641 τρόπφ
447 1556 581 1640 τοιῷδε·
604 1551 706 1619 ἐπεάν
729 1551 791 1620 τόν
805 1549 928 1637 νεκρόν
945 1553 1130 1640 ἰσχνήνωσι,

134 1661 197 1719 είτε
214 1649 253 1735 δὴ
271 1651 353 1717 κατά
371 1674 433 1734 περ
449 1653 627 1733 Αἰγύπτιοι
644 1660 708 1718 είτε
723 1648 831 1730 άλλως
847 1678 930 1737 κως,
953 1651 1129 1738 γυψώσαν-

131 1777 184 1825 τες
210 1748 341 1814 ἅπαντα
364 1743 468 1813 αὐτόν
489 1755 602 1835 γραφή
625 1751 822 1835 κοσμέουσι,
845 1751 1074 1834 ἐξομοιεῦντες
1096 1746 1129 1817 τό

133 1848 218 1926 εἶδος
233 1850 265 1924 ἐς
280 1845 316 1913 τό
334 1841 498 1929 δυνατόν,
521 1851 650 1912 ἔπειτεν
664 1847 704 1912 δέ
714 1849 749 1911 oc
760 1852 953 1931 περιιστᾶσι,
961 1849 1087 1934 στήλην
1100 1849 1130 1926 ἐξ

132 1946 233 2015 ὑέλου
247 1943 474 2028 πεποιημένην
489 1950 621 2027 κοίλην·
643 1939 664 2027 ἡ
680 1944 720 2009 δέ
730 1962 791 2028 σφι
804 1940 909 2027 πολλή
927 1947 983 2011 καὶ
998 1942 1130 2031 εύεργδς

131 2041 327 2124 ύρύσσεται’
355 2043 392 2106 ἐν
413 2043 496 2126 μέση
517 2039 554 2104 δὲ
575 2046 615 2126 τῇ
631 2039 735 2126 στήλη
756 2036 859 2106 ἐνεόν
885 2044 1096 2126 διαφαίνεται
1114 2037 1130 2105 ό

132 2143 231 2215 νέκυς
253 2136 330 2202 ούτε
355 2132 462 2218 ὀδμήν
486 2129 646 2218 οὐδεμίαν
667 2132 786 2219 ἀχαριν
806 2137 1033 2222 παρεχόμενος
1058 2137 1131 2205 ούτι

131 2237 212 2305 ἀλλο
226 2234 334 2312 ἀεικὲς
348 2231 465 2318 οὐδὲν,
481 2233 536 2298 καὶ
552 2239 616 2317 ἔχει
631 2236 741 2300 πάντα
756 2236 887 2321 φανερά
902 2235 1028 2321 ὁμοίως
1044 2235 1131 2326 αύτῷ

130 2345 174 2427 τῷ
189 2341 293 2404 νέκυϊ,
325 2330 482 2400 ἐνιαυτόν
496 2334 558 2419 μὲν
579 2331 619 2420 δή
641 2341 752 2419 έχουσι
772 2333 835 2421 τήν
848 2337 975 2422 στήλην
994 2340 1034 2404 ἐν
1050 2352 1131 2405 τοῖσι

130 2442 261 2505 οίκίοισι
273 2439 307 2501 οί
316 2433 458 2518 μάλιστα
471 2432 697 2519 προσήκοντες
709 2435 846 2501 πάντων
859 2461 896 2502 τε
906 2425 1132 2522 ἀπαρχόμενοι

128 2538 183 2602 καὶ
196 2538 319 2608 θυσίας
334 2535 367 2598 οί
379 2532 614 2616 προσάγοντες,
630 2531 712 2617 μετά
729 2536 766 2600 δὲ
780 2541 884 2602 ταῦτα
898 2537 1132 2621 ἐκκομίσαντες

80 2651 115 2703 25
129 2639 237 2700 ίστᾶσι
262 2631 337 2712 περὶ
362 2627 423 2714 τήν
446 2629 555 2696 πόλιν.ι
606 2632 819 2716 Θηησάμενοι
843 2634 881 2699 δὲ
905 2631 945 2700 τά
967 2633 1080 2700 πάντα
1102 2639 1134 2702 σί.

128 2728 332 2797 κατάσκοποι
360 2724 611 2795 ἀπαλλάσσοντο
645 2725 758 2820 όπίσω.
795 2728 1072 2817 ἀπαγγειλάντων
1098 2733 1133 2800 δὲ

128 2834 231 2895 ταῦτα
245 2823 375 2891 τούτων
395 2820 514 2892 αὐτίκα
537 2823 555 2892 ὁ
574 2826 758 2914 Καμβύσης
779 2825 886 2915 ἀργήν
907 2833 1133 2918 ποιησάμενος

127 2925 339 3014 ἐστρατεύετο
357 2927 409 2992 ἐπὶ
423 2923 501 3004 τούς
513 2933 697 3012 Αἰθίοπας,
713 2927 789 2996 ούτε
803 2930 1022 3018 παρασκευήν
1037 2940 1131 3001 σίτου

127 3024 288 3110 οὐδεμίαν
307 3031 545 3108 παραγγείλας,
568 3022 645 3091 οὕτε
666 3025 770 3110 λόγον
791 3029 904 3114 ἑωυτῷ
925 3028 1007 3108 δούς
1031 3029 1083 3099 ὅτι
1098 3033 1131 3110 ἐς

125 3120 166 3189 τά
182 3127 299 3206 ἔσχατα
315 3127 374 3206 γῆς
395 3127 509 3205 ἔμελλε
525 3123 783 3209 στρατεύεσθαι·
803 3119 858 3191 οἷα
878 3127 915 3193 δέ
932 3129 1081 3215 ἐμμανής
1095 3154 1131 3196 τε

126 3216 191 3285 ἐάν
216 3220 271 3283 καὶ
302 3215 344 3283 ού
371 3219 555 3305 φρενήρης,
589 3217 633 3297 ὡς
662 3217 765 3306 ἤκουε
795 3229 863 3289 τῶν
884 3221 1129 3314 Ἰχθυοφάγων,

125 3314 348 3401 ἐστρατεύετο,
360 3315 530 3403 Ἑλλήνων
543 3317 605 3404 μὲν
618 3316 698 3397 τούς
708 3320 895 3408 παρεόντας
910 3319 1017 3391 αύτού
1030 3328 1130 3406 τάξεις

125 3409 323 3497 ὑπομένειν,
345 3411 405 3481 τόν
419 3415 456 3482 δέ
476 3414 576 3496 πεζόν
593 3417 703 3486 πάντα
719 3417 788 3500 ἀμα
803 3419 977 3503 ἀγόμενος.
1017 3423 1128 3492 ἐπείτε

60 3588 155 3616 Λ.
