2354 3840
147 189 187 254 56
460 166 480 204 ’·
522 185 788 254 υυεοοουι

146 350 233 422 όκεω
249 355 284 423 δὲ
298 367 375 433 παῖς
390 361 515 440 γίνεται
530 351 722 441 Φραόρτης,
738 349 774 432 ός
788 351 1050 440 τελευτήσαντος
1064 360 1142 438 Ant-

146 450 251 538 όκεω,
265 451 525 539 βασιλεύσαντος
546 457 620 538 τρία
642 451 695 518 καί
710 450 916 538 πεντήκοντα
930 455 1023 539 ἔτεα,
1045 470 1142 534 καρι-

147 553 262 631 δέξατο
286 547 349 636 τήν
373 547 487 637 ἀρχήν.
537 547 807 635 παραδεξάμενος
830 552 868 617 δὲ
894 546 957 617 ούκ
982 544 1144 635 ἀπεχρᾶτο

146 645 284 732 μούνων
300 644 414 732 ἄρχειν
427 652 496 713 τῶν
510 643 659 732 Μήδων,
682 643 766 715 ἄλλα
787 646 1078 734 στρατευσόμενος
1097 645 1145 714 έκλ

148 741 225 822 τούς
238 748 370 830 Πέρσας
390 743 553 830 πρύιοισί
563 769 598 810 τε
618 743 766 811 τούτοισι
781 743 968 832 ἐπεθήκατο
983 745 1041 814 καλ
1056 738 1144 833 κρύ-

145 868 224 922 τους
248 841 380 929 Μήδων
412 840 599 928 ὑπηκόους,
614 845 755 928 ἐποίησε.
804 841 885 931 μετὰ
911 845 947 913 δέ
973 848 1062 930 ἔχων
1086 840 1143 911 δύο

147 948 249 1009 ταῦτα
265 947 384 1027 ἔθνεα,
411 944 465 1010 καὶ
480 939 652 1027 ἀμφότερα
668 943 806 1030 ἰσχυροὶ,
830 947 1074 1032 κατεστρέφετο
1087 938 1155 1031 τήν

141 1036 254 1124 Ἀσίην
270 1035 329 1107 ἀπ’
351 1036 455 1107 ἄλλον
471 1037 523 1107 ἐπ’
540 1036 622 1108 όῖλλο
636 1036 699 1108 έοδν
714 1047 832 1128 ἔθνος,
858 1044 891 1121 ές
906 1039 926 1109 ὑ
939 1038 1142 1130 στρατεύοιτ’·
1156 1056 1159 1063 ’

144 1161 244 1223 μενος
264 1137 317 1205 έπλ
336 1132 415 1213 τούς
433 1135 629 1221 Ἀσσυρίους
648 1138 703 1205 καὶ
720 1135 905 1258 Ἀσσυρίων
928 1138 1091 1224 τούτους,
1114 1140 1144 1213 ,ολ

29 1319 31 1323 y
144 1243 255 1304 Νῖνον
270 1233 358 1320 εἶχον
372 1236 427 1301 καὶ
440 1227 544 1356 ήρχον
558 1233 723 1320 πρότερον
735 1235 891 1323 πόντων,
910 1234 985 1304 τότε
1007 1227 1083 1304 δὲ
1061 1253 1141 1324 ηστν

143 1334 396 1418 μεμουνωμένοι
418 1332 480 1416 μὲν
500 1331 683 1418 συμμάχων
703 1331 761 1400 α’τε
781 1329 1015 1419 ἀπεστεώτων,
1040 1330 1141 1425 αλλων

144 1431 258 1514 μέντοι
279 1421 468 1502 ἑωυτῶν
429 1453 467 1495 ευ
482 1426 637 1515 ήκοντες,
659 1432 712 1497 έπὺ
727 1429 869 1512 τούτους
883 1427 923 1518 δή
939 1426 1136 1517 στρατενσύ

143 1550 244 1611 μενος
264 1520 472 1610 ὑΦραόρτης
495 1522 598 1603 αὑτός
616 1552 652 1593 τε
662 1527 861 1648 διεφθάρη,
884 1524 986 1614 ἄρξας
1006 1526 1073 1598 δύο
1091 1528 1141 1598 κτλ

74 1634 127 1690 103
144 1631 249 1690 εἴκοσι
263 1625 353 1704 ἔτεα,
375 1618 457 1688 καλ
444 1646 461 1688 ο
476 1618 615 1710 στρατός
628 1620 733 1692 αὑτοῦ
754 1622 772 1692 ὑ
788 1625 919 1705 πολλός.
964 1625 1139 1744 Φραόρτετ

144 1719 180 1788 δὲ
195 1715 454 1803 τελευτήσαντος
468 1721 633 1799 ἐξεδέξατο
648 1719 863 1809 Κναξύρης“
848 1747 866 1790 ο
882 1720 1066 1811 Φραόρτεω
1084 1728 1138 1793 τοῦ

142 1815 297 1904 Δηιόκεω
318 1827 403 1892 παις.
449 1809 547 1896 οὑτος
561 1820 690 1909 λέγεται
705 1815 831 1887 πολλόν
847 1824 893 1888 ἔτι
908 1824 1072 1907 γενέσθαι
1083 1816 1137 1891 ἄλ·

143 1912 325 2000 κιμύτερος
344 1939 413 1980 των
434 1914 630 2001 προγόνων·
658 1917 713 1984 καὶ
726 1916 856 2003 τρωτός
869 1943 904 1985 τε
918 1916 1049 2004 ἐλόχισε
1061 1911 1134 1987 κατέ

142 2012 238 2080 τέλεα
251 2006 331 2088 τούς
344 2012 380 2077 έν
395 2036 435 2099 τη
421 2008 553 2100 Ἀσιη,
575 2014 630 2079 καλ
651 2037 780 2099 πρωτος
805 2017 930 2095 διέταξε
949 2016 1052 2102 χωρὶς
1066 2010 1135 2086 ἑκό-

43 2102 46 2107 ’
143 2131 243 2187 στους
258 2104 361 2192 εἶναι,
381 2107 462 2189 τούς
484 2135 519 2176 τε
534 2108 759 2197 αἰχμοφόρους
773 2111 828 2178 καὶ
843 2108 922 2190 τοὺς
935 2111 1134 2233 τοξοφόρους
1149 2144 1153 2151 ·

25 2256 28 2261 <
140 2207 196 2274 καλ
216 2203 295 2283 τοὺς
316 2207 450 2283 ίππέας
489 2203 553 2293 κρὺ
574 2212 636 2273 τοὺ
657 2210 693 2274 δὲ
707 2199 862 2294 ἀναμὶξ
839 2233 883 2295 ην
897 2205 1007 2278 πάντα
1022 2205 1133 2329 ὁμοίως

141 2299 418 2422 ἀναπεφυρμένα.
460 2296 558 2381 οὑτος
577 2300 596 2370 ὑ
618 2317 703 2371 τοῖσι
717 2309 862 2374 Λυδολσί
873 2308 941 2375 έστι
955 2304 1132 2395 μαχεσύρτι
1147 2298 1150 2305 ’

140 2427 216 2487 νος,
242 2399 298 2469 ὅτε
318 2397 418 2482 νύξ
401 2429 421 2488 η
444 2398 549 2488 ἡμέρη
564 2400 695 2487 ἐγένετό
709 2423 769 2488 σφι
783 2407 1016 2491 μαχομένοισι,
1042 2402 1097 2473 καλ
1115 2394 1152 2467 ὑ-

138 2496 201 2586 τήν
214 2497 335 2579 ’Ἀλυος
345 2505 497 2586 ποταμοῦ
508 2496 579 2567 ἄνω
591 2497 702 2585 Ἀσίην
712 2505 824 2567 πᾶσαν
838 2498 1004 2621 συστήσας
1018 2502 1130 2591 έωυτμ
1141 2570 1148 2591 1,

139 2600 298 2677 συλλέξας
313 2598 349 2665 δὲ
363 2594 443 2676 τοὺς
457 2594 516 2663 ὑπ’
533 2600 645 2687 ἑωντφ
630 2594 863 2684 ἀρχομένους
883 2596 1011 2677 πάντας
1025 2599 1132 2693 έστρσῤ

138 2695 253 2766 τεύετο
274 2697 327 2763 έπλ
347 2692 409 2783 τήν
428 2703 556 2784 Νῖνον,
583 2701 756 2785 τιμωρέων
776 2725 812 2766 τε
831 2706 876 2790 τῷ
898 2703 997 2787 πατρλ
1010 2702 1068 2768 καὶ
1080 2692 1132 2787 τήν

137 2794 238 2864 πόλιν
254 2794 381 2882 ταύτην
401 2799 530 2865 ἐθέλων
553 2798 685 2876 ἐξελεῖν
727 2803 787 2866 καί
809 2802 858 2883 οι,
887 2825 931 2877 ως
958 2790 1155 2889 συμβαλύτΙ

138 2896 271 2981 ἐνίκησε
302 2891 381 2974 τούς
409 2891 622 2980 Ἀσσυρίους,
658 2897 910 3018 περικατημένῳ
941 2921 1003 2983 την
1031 2904 1133 2965 Νίνον

137 2994 264 3110 έπήλθε
277 2994 446 3060 Σκυθέων
466 2989 605 3080 στρατός
619 2986 788 3080 μέγας,
765 3020 827 3082 ηγε
848 2995 884 3062 δὲ
903 2992 1030 3074 αύτούς
1044 3002 1133 3084 βασι·

136 3085 216 3167 λεὺς
230 3115 248 3157 ο
235 3085 433 3202 ’Σκνθέφν
448 3089 594 3176 Μαδύης
608 3089 824 3172 Προτοθύεω
838 3104 932 3170 παῖς·
972 3098 1006 3160 οἳ
1024 3095 1133 3180 ἐσέβα-

136 3195 198 3256 λον
218 3187 281 3271 μὲν
302 3183 392 3264 ές
356 3213 418 3273 την
436 3185 549 3274 Ἀσιην
569 3193 775 3275 Κιμμερίους
800 3185 997 3273 ἐκβαλόντες
1022 3191 1060 3259 έκ
1083 3194 1159 3283 τῆς,

134 3281 320 3372 Εύρύπης,
341 3284 490 3353 τούτοισι
512 3289 548 3355 δὲ
570 3285 787 3374 έπισπόμευοι
812 3286 979 3374 φεύγουσι
1002 3287 1138 3369 οὑτωέρ,

70 3399 119 3455 104
132 3382 194 3472 τήν
209 3378 371 3470 Μηδικήν
383 3382 496 3470 χύρηυ
512 3381 681 3454 ἀπίκοντο.
708 3384 800 3455 Ἐστι
819 3389 856 3454 δὲ
869 3382 934 3454 ἀπό
949 3391 1008 3474 τῆς
1021 3393 1135 3476 λίμνης
1157 3468 1160 3473 ,
