2354 3840
355 158 442 215 LIB.
475 160 518 214 111.
553 158 651 214 CAP.
685 162 792 217 5—9.
1011 154 1073 220 215

60 332 283 421 βουλομένων
305 331 345 401 τά
373 332 471 401 πιστά
494 333 667 402 ποιέεσθαι
690 331 788 413 ἄλλος
810 329 898 420 άνήρ
922 331 1068 420 ἀμφοτέ-

63 461 133 521 ρων
160 430 276 501 αὐτῶν
304 436 340 501 ἐν
369 435 460 525 μέσῳ
488 432 607 513 ἕστεάς
637 439 724 524 λίθῳ
751 430 822 515 ὀξέι·
849 433 886 502 τὸ
913 439 978 501 ἔσω
1004 439 1072 501 τῶν

23 570 26 575 ·
62 538 184 621 χειρῶν
203 530 292 620 παρά
310 533 389 614 τούς
413 533 601 613 δακτύλους
618 531 697 612 τούς
719 532 886 620 μεγάλους
905 532 1073 620 ἐπιτάμνει

63 635 119 700 καὶ
142 638 271 702 ἔπειτεν
295 633 409 719 λαβάν
433 635 469 700 ἐκ
491 639 551 701 τοῦ
576 638 709 720 ίματίου
737 634 893 720 ἑκατέρου
924 632 1074 721 κροκύδα

64 731 194 820 ἀλείφει
220 738 268 824 τῷ
295 738 407 821 αἵματι
439 737 475 801 ἐν
500 734 590 825 μέσῳ
623 734 796 821 κειμένους
830 741 950 813 λίθους
984 730 1074 818 ἑπτά,

63 833 227 909 τούτο,δέ
250 834 372 902 ποιέων
405 836 568 902 ἐπικαλέει
589 832 648 901 τόν
671 861 705 901 τε
729 833 901 903 Διόνυσον
930 837 985 901 καὶ
1014 832 1075 921 τήν

66 930 253 1019 Οὐρανίην.
307 936 553 1012 ἐπιτελέσαντος
589 935 627 1001 δὲ
661 933 782 1001 τούτου
824 938 929 1001 ταῦτα
963 931 981 1002 ὁ
1016 931 1075 1013 τάς

61 1040 171 1112 πίστις
185 1031 405 1121 ποιησάμενος
418 1047 504 1101 τοῖσι
517 1040 643 1121 φίλοισι
656 1037 882 1121 παρεγγυάτω
892 1032 951 1100 τὸν
965 1036 1076 1115 ξεῖνον

61 1128 82 1220 ἢ
100 1133 158 1200 καὶ
176 1133 236 1201 τδν
253 1131 374 1220 άστδν,
399 1127 442 1219 ήν
461 1133 545 1222 πρδς
563 1130 666 1201 άστδν
684 1134 851 1219 ποιέηται,
877 1137 912 1200 οί
927 1135 965 1200 δὲ
983 1139 1075 1219 φίλοι
1142 1158 1149 1167 ‘

61 1235 119 1300 καί
146 1231 245 1300 αὐτοὶ
270 1230 329 1313 τάς
355 1240 464 1312 πίστις
492 1237 653 1300 δικαιεῦσι
684 1235 850 1318 σέβεσθαι.
902 1232 1074 1301 Διόνυσον

62 1333 100 1400 δέ
126 1337 221 1400 θεῶν
245 1338 374 1419 μοῦνον
406 1333 463 1400 καὶ
495 1330 557 1418 τήν
587 1329 763 1420 Οὐρανίην
795 1328 949 1416 ἡγέονται
975 1329 1073 1416 εἶναι,

60 1433 118 1500 καὶ
143 1436 213 1499 τῶν
235 1436 357 1521 τριχων
379 1432 443 1520 τήν
467 1431 596 1518 κουρὴν
620 1437 797 1519 κείρεσθαί
817 1453 900 1517 ῳασι
925 1429 1074 1520 κατάπερ

63 1528 170 1600 αὐτὸν
193 1526 255 1598 τδν
268 1529 443 1596 Διόνυσον
465 1528 647 1612 κεκάρθαι·
669 1531 837 1609 κείρονται
860 1527 896 1593 δὲ
913 1528 1070 1613 περιτρό-

63 1639 164 1718 χαλα,
186 1633 441 1713 περιξυρεῠντες
461 1621 541 1702 τούς
560 1624 761 1710 κροτάφους.
790 1620 1015 1709 οὐνομάζουσι
1032 1625 1069 1692 δὲ

63 1727 124 1797 τὸν
146 1729 208 1814 μέν
222 1724 397 1794 Διόνυσον
416 1719 575 1817 Ὀροτάλ,ὶ
593 1721 655 1809 τήν
678 1727 714 1790 δὲ
737 1719 911 1808 Οὐρανίην
928 1722 1067 1791 Ἀλιλάτ.

60 1824 148 1894 Ἐπεὶ
174 1816 221 1890 ὦν
245 1820 308 1909 τήν
329 1831 440 1891 πίστιν
463 1835 548 1889 τοῖσι
559 1810 737 1906 κάγγέλοισι
760 1835 845 1888 τοῖσι
868 1820 958 1906 παρά
976 1825 1104 1906 Ray-9

66 1924 177 1997 βύσεω
199 1917 411 2006 ἀπιγμένοισι
439 1917 615 2004 ἐποιήσατο
643 1914 851 2005 δἈράβιος,
885 1921 1069 2004 ἐμηχανᾶτο

65 2021 193 2089 τοιάδε·
216 2016 340 2097 άσκοδς
354 2019 514 2105 καμήλων
525 2018 652 2104 πλήσας
662 2015 784 2094 ὕδατος
799 2017 934 2096 ἐπέσαξε
949 2017 1001 2082 ἐπὶ
1012 2012 1071 2092 τάς

64 2117 149 2201 ζωάς
171 2124 239 2186 τῶν
260 2116 420 2205 καμήλων
439 2118 562 2198 πάσας,
584 2121 683 2182 τοῦτο
705 2115 740 2181 δὲ
757 2112 897 2201 ποιήσας
913 2110 1017 2201 ἤλασε
1038 2114 1070 2190 ἐς
1104 2195 1109 2201 ι

63 2214 126 2303 τήν
137 2213 289 2302 άνυδρον
300 2216 355 2282 καλ
369 2212 515 2301 ὑπέμενε
530 2215 679 2282 ἐνθαῦτα
690 2211 750 2281 τὸν
762 2215 951 2301 Καμβύσεω
967 2233 1070 2295 στρα-

63 2316 133 2382 τόν.
158 2307 256 2393 οὗτος
273 2315 335 2400 μέν
355 2310 374 2382 ὁ
390 2313 622 2399 πιθανώτερος
638 2319 706 2378 τῶν
722 2311 834 2396 λόγων
855 2320 997 2396 εἴρηται,
1019 2312 1072 2374 δεῖ

63 2415 101 2481 δέ
117 2416 173 2481 καὶ
186 2410 247 2481 τδν
262 2415 362 2482 ἕσσον
378 2409 546 2496 πιθανὸν,
562 2415 636 2478 ἐπεί
646 2435 685 2495 γε
700 2407 740 2494 δή
756 2414 895 2494 λέγεται,
909 2410 1066 2491 ῥηθῆναι.

63 2511 212 2599 ποταμός
232 2513 300 2581 ἐστι
321 2513 423 2598 μέγας
440 2513 477 2579 ἐν
496 2518 536 2598 τῇ
554 2507 705 2596 Ἀραβίη,
727 2515 773 2598 τῷ
791 2506 920 2592 οὔνομα
942 2506 1066 2593 Κόρυς,

63 2613 193 2678 έκδιδοῑ
204 2608 240 2678 δέ
252 2602 351 2688 οὗτος
362 2611 394 2688 ἐς
405 2607 466 2696 τήν
478 2604 647 2693 Ἐρύθρην
660 2608 866 2692 καλεομένην
880 2603 1066 2674 θάλασσαν.

63 2704 130 2775 άπὸ
146 2706 269 2774 τούτου
280 2703 320 2793 δή
337 2699 386 2773 οἶν
399 2713 460 2773 τοῦ
474 2710 626 2790 ποταμοῦ
639 2707 768 2789 λέγεται
782 2701 989 2789 τὸνβασιλέα
1002 2707 1069 2768 τῶν

60 2803 226 2890 Ἀραβίων
241 2803 437 2891 ῥαψάμενον
451 2809 519 2870 τῶν
534 2799 713 2889 ὠμοβοέων
723 2803 856 2868 καὶτῶν
867 2797 978 2867 άλλων
991 2803 1069 2883 δερ-

63 2903 181 2988 μάτων
196 2896 312 2987 ὐχετόν
325 2903 426 2988 μήκεί
437 2901 673 2986 ἐξικνεύμενον
684 2901 717 2977 ές
726 2897 788 2985 τήν
800 2897 966 2983 άνυδρον,
983 2893 1069 2980 άγα-

63 3013 138 3089 γεῖν
152 2994 207 3065 διά
224 2994 264 3084 δή
282 2999 406 3066 τούτου
420 2994 457 3064 τὸ
472 2994 583 3083 ὕδωρ,
607 2998 644 3064 έν
665 2997 701 3062 δὲ
716 3003 755 3083 τῇ
770 2993 906 3083 άνύδρῳ
923 2993 1069 3078 μεγάλας

64 3092 246 3182 δεξαμενάς
266 3092 470 3182 ὀρύξασθαι,
492 3097 548 3161 ἵνα
567 3093 742 3179 δεκόμεναι
762 3090 801 3160 τὸ
817 3090 910 3172 ὕδωρ
929 3088 1065 3168 σώζωσι.

63 3190 144 3272 ὁδὸς
158 3190 190 3261 δ’
207 3194 276 3268 ἐστί
289 3193 442 3261 δυώδεκα
456 3190 609 3280 ἡμερέων
623 3188 688 3258 άπό
704 3198 764 3257 τοὺ
775 3195 927 3275 ποταμοῦ
942 3190 974 3265 ἐς
985 3185 1068 3252 ταύ·

62 3319 126 3378 την
149 3289 212 3376 τήν
234 3286 395 3378 ἄνυδρον.
431 3286 528 3375 άγειν
554 3292 595 3357 δέ
615 3317 671 3376 μιν
695 3288 749 3383 διά
772 3287 898 3376 ὀχετῶν
923 3293 957 3370 ές
979 3294 1070 3380 τριξα
1129 3289 1132 3296 ’

59 3397 175 3480 χωρία.
