2354 3840
126 239 169 302 θλ
507 236 756 331 HERQDOTI

126 412 223 470 τιθεῖ.
257 397 301 480 ὡς
316 401 353 470 δὲ
366 406 458 488 τρίτη
473 396 579 488 ἡμέρη
594 402 639 486 τῷ
654 399 774 486 παιδίῳ
789 395 966 486 ἐκκειμένῳ
986 395 1126 480 έγένετο,
1161 478 1163 489 Ι

127 497 179 588 ἤιε
194 503 227 579 ἐς
241 499 342 568 πόλιν
356 495 373 568 ό
390 497 566 586 βουκόλος,
583 501 651 562 τῶν
665 490 741 562 τινά
757 499 957 581 προβοσκῶν
972 490 1126 578 φύλακον

127 595 232 668 αὐτοῦ
250 594 458 682 καταλιπων,
482 591 593 663 ἐλθόν
614 592 651 661 δὲ
667 595 700 672 ές
722 597 783 660 τοῦ
803 588 974 677 Ἀρπάγου
990 586 1127 658 ἀποδει-

126 696 250 764 κνύναι
266 701 330 780 ἔφη
345 696 474 780 ἑτοῖμος
487 690 571 760 εἶναι
594 696 654 758 τοῦ
668 693 804 757 παιδίου
824 685 884 757 τόν
901 691 1013 757 νέκυν.
1043 687 1127 774 πέμι

126 807 192 875 ηας
210 793 246 860 δὲ
261 788 457 878 δ”Λρπαγος
473 796 541 857 τῶν
556 793 683 856 ἑωυτοῦ
698 787 902 876 δορυφόρων
917 785 997 866 τοῦς
1011 805 1126 855 πιστο-

126 890 246 969 τάτους
262 887 329 957 εἶδέ
340 913 376 956 τε
392 884 447 956 διά
461 887 591 956 τούτων
610 888 665 954 καί
688 891 795 968 ἔθαψε
814 892 874 954 τοῦ
898 885 1069 972 βουκόλου
1089 880 1125 953 τό

125 991 268 1056 παιδίον.
313 987 368 1053 καί
391 982 430 1053 τό
451 985 513 1073 μὲν
530 986 708 1068 ἐτέθαπτο,
731 981 792 1052 τόν
813 985 848 1052 δὲ
880 982 1023 1067 ὕστερον
1047 981 1126 1051 τοῦ·
1157 998 1160 1003 ’

124 1111 193 1153 των
219 1088 338 1170 Κῦρον
376 1079 632 1170 οῦνομασθέντα
672 1090 917 1169 παραλαβοῦσα
956 1090 1075 1171 ἔτρεφε
1105 1077 1125 1170 ἡ

126 1179 213 1272 γυνὴ
229 1187 290 1249 τοῦ
303 1180 491 1269 βουκόλου,
512 1179 641 1267 οῦνομα
655 1179 736 1248 ἀλλο
752 1179 816 1248 κου’
830 1207 861 1248 τι
877 1184 932 1250 καί
954 1179 995 1250 οὐ
1009 1189 1126 1267 Κῦρον

123 1281 259 1368 θεμένη.
293 1311 295 1314 ·

61 1411 108 1464 114
209 1382 275 1446 Καὶ
297 1378 353 1447 ὅτε
368 1375 408 1464 δη
424 1370 468 1464 ἦν
482 1378 638 1463 δεκαέτης
659 1373 786 1464 ὀπαῖς,
807 1383 942 1465 πρῆγμα
966 1382 1000 1459 ἐς
1020 1378 1125 1449 αὐτόν

126 1476 258 1546 τοιόνδε
285 1476 471 1563 γενόμενον
497 1477 636 1561 ἐξέφηνέ
658 1501 724 1560 μιν.
770 1479 879 1556 ἔπαιζε
904 1477 941 1543 έν
967 1483 1008 1565 τῇ
1030 1478 1124 1567 κοίμρ

126 1575 247 1663 ταότη,
274 1576 311 1641 ἐν
332 1580 372 1662 τῇ
388 1567 476 1661 ἦσαν
490 1575 545 1640 καί
570 1577 606 1640 αί
625 1578 799 1659 βουκολίαι
820 1566 935 1660 αὗται,
963 1580 1075 1656 ἔπαιζε
1091 1576 1124 1644 δέ

127 1670 198 1759 μετ’
224 1669 335 1740 ἀλλων
356 1669 483 1760 ἡλίκων
507 1673 544 1739 έν
565 1667 643 1760 ὁδῷ.
681 1672 738 1738 καὶ
767 1674 800 1737 οί
818 1674 934 1750 παῖδες
954 1678 1126 1753 παίζοιπες

128 1773 257 1838 εἵλοντο
272 1771 406 1837 ἑωυτῶν
421 1768 557 1856 βασιλέα
578 1766 664 1835 εἶναι
684 1773 806 1835 τοῦτον
826 1764 866 1855 δη
888 1765 949 1837 τόν
965 1777 1027 1837 τοῦ
1042 1778 1126 1858 βου-

127 1866 232 1934 κόλου
253 1868 424 1951 ἐπίκλησιν
444 1869 555 1933 παῖδα.
587 1860 605 1931 ὁ
629 1865 665 1931 δὲ
685 1860 798 1932 αὐτῶν
819 1866 945 1946 διέταξε
963 1863 1043 1946 τοῦς
1065 1867 1125 1955 μὲν

128 1972 232 2046 οίκίας
250 1966 471 2052 οἰκοδομέειν,
493 1963 571 2044 τοῦς
591 1966 627 2033 δὲ
647 1965 861 2051 δορυφόρους
876 1962 980 2053 εἶναι,
1008 1965 1125 2038 τόνδε

126 2066 191 2134 κοῦ
213 2091 288 2133 τινα
309 2062 420 2133 αῦτιῦν
437 2061 616 2148 ὀφθαλμόν
637 2064 793 2149 βασιλέος
810 2063 911 2150 εἶναι,
935 2071 981 2155 τῷ
1004 2067 1043 2134 δέ
1060 2093 1125 2136 τινι

125 2159 184 2240 τὰς
198 2159 352 2247 ἀγγελίας
373 2161 527 2247 ἐσφέρειν
549 2162 662 2227 ἐδίδου
675 2161 791 2247 γέρας,
814 2159 859 2241 ὡς
880 2162 1008 2254 έκάστφ
1023 2150 1126 2252 ἔργον
1141 2216 1144 2221 -

126 2257 355 2346 προστάσσων.
366 2295 377 2334 γ
397 2251 444 2336 εἷς
463 2254 503 2344 δὴ
528 2257 658 2324 τούτων
680 2265 749 2325 τῶν
769 2263 900 2326 παίδων
919 2267 1124 2348 συμπαίζων,

125 2353 191 2424 έων
202 2352 430 2441 Ἀρτεμβάρεω
444 2367 531 2440 παις,
548 2351 671 2439 ἀνδρὸς
685 2358 827 2441 δοκίμου
841 2357 877 2422 ἐν
892 2355 1062 2444 Μήδοισι,
1084 2354 1124 2427 οῦ

124 2451 188 2543 γάρ
212 2450 252 2540 δὴ
269 2455 401 2539 ἐποίησε
423 2449 460 2519 τό
478 2451 690 2542 προσταχθὲν
710 2455 746 2522 ἐκ
760 2459 821 2520 τοῦ
836 2453 971 2541 Κύρου,
993 2456 1123 2525 ἐκέλευε

125 2553 230 2623 αὐτὸν
250 2551 329 2631 τοῦς
350 2550 472 2632 ἀλλους
494 2558 613 2632 παῖδας
637 2557 824 2641 διαλαβεῖν,
851 2554 1068 2640 πειθομένων
1089 2552 1122 2622 δέ

124 2659 193 2720 τῶν
206 2654 336 2720 παίδων
350 2647 369 2719 ὁ
381 2657 494 2738 Κῦρος
508 2649 568 2719 τόν
578 2655 680 2719 παῖδα
693 2651 837 2738 τρηχέως
847 2648 952 2738 κάρτα
967 2651 1122 2736 περιέσπε

124 2749 328 2837 μαστιγέων·
360 2744 443 2817 δ’δὲ
476 2747 584 2815 ἐπείτε
616 2754 753 2834 μετείθη
774 2747 924 2835 τάχιστα,
955 2744 1000 2826 νίς
1022 2741 1120 2834 γεδδ
1159 2751 1163 2757 ’

124 2847 244 2927 ἀνάξια
259 2850 386 2916 ἑωυτοῦ
402 2841 542 2932 παθόν,
563 2844 691 2933 μᾶλλόν
707 2873 738 2912 τι
753 2847 984 2934 περιημέκτεε,
1006 2850 1121 2913 κατελ-
1160 2912 1163 2929 ,

122 2943 199 3016 θῦν
214 2947 249 3013 δὲ
266 2947 298 3022 ἐς
315 2941 414 3012 πόλιν
428 2940 512 3030 πρὸς
528 2940 589 3011 τὸν
603 2943 728 3029 πατέρα
745 2940 948 3022 ἀποικτίζωο
970 2947 1041 3009 τῦν
1058 2936 1120 3010 ῦπδ
1160 2934 1163 2991 ῗ

123 3043 241 3127 Κόρου
256 3039 387 3129 ἤντησε,
402 3042 510 3128 λέγων
521 3043 557 3109 δὲ
569 3040 736 3126 οὐΚόρου
753 3037 810 3122 (οὐ
825 3041 888 3128 γάρ
904 3066 952 3107 κω
963 3032 1008 3127 ἦν
1024 3047 1120 3108 τοῦτο

124 3139 303 3226 τοῦνομα),
318 3137 401 3209 ἀλλά
417 3135 501 3227 πρὸς
514 3145 574 3206 τοῦ
589 3137 759 3226 βουκόλου
772 3145 833 3206 τοῦ
844 3136 1039 3222 Ἀστυάγεος
1046 3160 1120 3204 παι-

124 3241 192 3320 δός.
226 3236 244 3308 δ
261 3243 297 3307 δέ
307 3235 530 3327 Ἀρτεμβάρης
545 3234 646 3326 ὀργῇ,
668 3234 712 3316 ὡς
727 3234 808 3323 εἶχε,
829 3233 942 3306 ἐλθών
954 3232 1051 3322 παρὰ
1061 3230 1121 3304 τὸν

121 3333 301 3422 Ἀστνόγεα
316 3338 370 3405 καί
387 3335 455 3423 ἅμα
473 3331 637 3423 ἀγόμενος
659 3331 720 3401 τόν
735 3337 854 3418 παῖδα,
876 3330 1021 3420 ἀνάρσια
1038 3331 1119 3418 πρό·
1161 3338 1163 3383 3

94 3460 231 3616 ἵστα
245 3440 309 3520 ἔφη
327 3434 554 3518 πεπονθέναι,
577 3432 700 3518 λέγων·
740 3424 780 3498 Ὠ
795 3436 950 3519 βασιλεῦ,
971 3426 1040 3498 ῦπδ
1065 3432 1121 3496 τοῦ
1160 3484 1163 3499 .
