2354 3840
328 109 416 193 ιιι.
448 110 495 166 w.
530 110 626 166 τεο.
660 114 800 170 το-τε
1014 106 1075 169 327

27 266 156 337 Ι’τιυὶ
137 266 238 356 υχιης
248 261 460 356 ἀπονοστηση
473 269 506 344 ἐς
520 268 664 352 ἑωυτοῦ,
682 265 807 335 θύσειν
820 292 856 334 τε
871 267 953 335 κατά
970 265 1075 338 ταῦτά

67 365 153 436 aaa>
175 366 247 457 ἀόρα
269 365 349 448 τούς
372 362 582 453 Κυζικηνούς
601 372 781 444 ποιεῦντας
805 368 860 434 καὶ
885 371 1073 452 παννυχίδα

10 508 17 535 ι·
10 465 212 553 στήσειν.
243 462 287 545 ὡς
304 463 425 534 δὲ’ί
363 470 425 532 απί
423 489 497 532 κετο
520 460 609 543 ἐς
573 489 636 550 την
653 461 849 551 Σκυθικὴν,
875 463 1020 544 καταδύς
1041 466 1074 543 ἐς

68 561 131 650 τὴν
146 564 354 650 καλεομένην
369 561 503 649 Ῥλαίην
523 559 560 652 (η
576 560 608 630 δ
626 564 693 630 ἐστὶ
710 564 772 650 μὲν
786 561 876 651 παρά
892 562 953 633 τόν
966 562 1073 650 Ἀχιλ-

68 664 165 752 λήιον
183 663 328 752 δρόμον,
349 662 507 750 τυγχάνει
529 662 565 731 δὲ
582 669 672 730 πάσα
688 664 789 731 ἐοῦσα
804 667 972 750 δενδρέων
985 687 1072 731 παν-

69 773 169 836 τοίων
189 766 305 852 πλέη),
327 767 361 844 ἐς
380 763 507 851 ταύτην
528 761 568 850 δὴ
590 759 735 842 καταδῦς
756 759 773 831 6
797 761 992 851 Ἀνάχαρσις
1011 763 1074 851 την

70 863 172 953 όρτην
193 871 306 933 πᾶσαν
327 866 476 933 ἐπετέλεε
495 871 536 953 τη
552 869 640 956 θεῷ,
662 860 840 948 τύμπαυόν
863 889 898 930 τε
914 869 998 949 ἔχων
1019 866 1074 930 καί

69 961 293 1050 ἐκδησάμενος
305 959 486 1049 ἀγάλματα.
511 963 566 1030 καὶ
576 967 645 1029 τάν
655 987 705 1040 τις
715 964 885 1030 Σκυθέων
900 988 1073 1049 καταφρα-

68 1063 161 1141 σθεὶς
173 1058 278 1130 αὐτόν
288 1067 393 1130 ταῦτα
403 1066 565 1128 ποιεῦντα
576 1059 720 1147 ἐσήμηνε
727 1066 774 1150 τῷ
785 1060 1073 1151 βασιλέίΣανλίφ·

10 1146 21 1179 μ’
67 1156 84 1228 ὁ
101 1159 139 1227 δέ
155 1161 211 1227 καὶ
227 1155 328 1237 αὐτὸς
343 1156 547 1244 ἀπικόμενος
565 1155 609 1237 ὡς
629 1155 695 1225 εἶδε
711 1155 772 1225 τὸν
783 1154 982 1244 Ἀνάχαρσιν
996 1181 1073 1224 ποι-

67 1263 170 1325 εῦντα
182 1263 302 1344 ταῦτα,
324 1258 483 1337 τοξεύσας
494 1254 600 1325 αὐτόν
611 1252 792 1325 ἀπέκτεινε.
817 1259 872 1324 καὶ
886 1263 952 1325 νῦν
965 1253 1009 1343 ἥν
1023 1280 1073 1333 τις

67 1365 195 1442 εἴρηται
214 1357 291 1444 περί
307 1353 539 1442 Ἀναχάρσιος,
562 1352 605 1422 06
626 1361 712 1441 φασί
729 1381 789 1441 μιν
810 1355 948 1423 Σκύθαι
968 1351 1072 1439 γινό-

10 1540 13 1545 .
66 1473 178 1539 σκειν,
200 1449 255 1520 διά
270 1459 386 1541 τοῦτο,
410 1453 462 1522 ότι
477 1451 660 1540 ἐξεδήμησέ
671 1480 707 1522 τε
727 1457 761 1534 ἐς
777 1451 840 1542 την
854 1452 997 1523 Ἐλλάδα
1017 1451 1072 1518 καὶ

66 1553 239 1630 ξεινικοῖσι
253 1555 348 1619 ἔθεσι
362 1551 566 1639 διεχρήσατο.
598 1548 647 1630 ὡς
665 1549 696 1619 δ’
713 1548 777 1637 ἐμά
793 1550 923 1641 ἤκουσα
941 1558 1071 1637 Τίμνεω

64 1652 127 1714 τοῦ
145 1642 375 1736 Ἀριαπείθεος
396 1649 595 1736 ἐπιτρόπου,
619 1647 704 1718 εἶναι
726 1648 831 1719 αὐτόν
848 1649 1071 1735 Ἰδανθύρσου

14 1774 19 1779 ·
65 1750 126 1813 τοῦ
141 1748 311 1814 Σκυθέων
324 1749 478 1834 βασιλέος
498 1746 653 1833 πάτρων,
677 1751 780 1815 παῖδα
801 1745 838 1815 δὲ
860 1744 945 1814 εἶναι
959 1745 1072 1813 Γνού-

65 1867 130 1926 ρου
149 1847 212 1909 τοῦ
227 1842 347 1911 Λύκου
367 1850 429 1911 τοῦ
444 1849 734 1930 Σπαργαπείθεος.
764 1849 795 1912 εί
815 1835 864 1911 ὦν
884 1842 1006 1930 ταύτης
1027 1835 1072 1931 ἦν

64 1946 122 2027 τῆς
138 1945 244 2026 οίκίης
258 1936 277 2007 6
292 1938 503 2029 Ἀνάχαρσις,
527 1950 607 2008 ίστω
623 1938 690 2008 ὑπό
711 1947 772 2009 τοῦ
793 1938 961 2027 ἀδελφεοῦ
986 1938 1071 2007 ἀπο-

65 2037 202 2106 θανύν·
230 2035 448 2125 Ἰδάνθυρσος
461 2036 526 2126 γάρ
542 2033 586 2127 ἦν
600 2054 678 2119 παίς
688 2045 860 2127 Σαυλίου,
875 2036 1024 2116 Σαύλιος
1035 2038 1072 2105 δὲ

64 2128 108 2224 ἦν
124 2134 142 2204 ὁ
158 2133 356 2217 ἀποκτείνας
373 2135 581 2224 Ἀνάχαρσιν.
627 2143 744 2206 Καίτοι
764 2134 840 2206 τινά
860 2133 924 2225 ἤδη
942 2132 1071 2223 ἤκουσα
1082 2155 1116 2214 77

64 2235 170 2321 λόγον
191 2233 296 2304 ἀλλον
317 2233 384 2304 ὑπό
406 2244 692 2323 Πελοποννησίων
713 2236 913 2323 λεγόμενον,
938 2232 982 2313 ὡς
1003 2231 1070 2301 ὑπό

64 2339 127 2401 τοῦ
150 2337 320 2407 Σκυθέων
351 2339 506 2423 βασιλέος
531 2332 726 2423 Ἀνάχαρσις
753 2333 987 2422 ἀποπεμφθεὶς
1013 2341 1072 2421 τῆς

65 2430 217 2510 ίῦλλάδος
231 2430 385 2520 μαθητὴς
399 2436 549 2522 γένοιτο,
571 2432 678 2502 ὀπίσω
692 2458 728 2502 τε
742 2430 973 2520 ἀπονοστήσας
989 2436 1071 2517 φαίη

65 2527 151 2615 πρὸς
164 2526 226 2597 τόν
240 2527 484 2618 ἀποπέμψαντα
492 2529 655 2619 Ἕλληνας
667 2531 795 2612 πάντας
808 2528 971 2618 ἀσχόλους
987 2527 1073 2597 εἶναι

65 2628 99 2704 ἐς
110 2631 222 2695 πάσαν
234 2634 359 2714 σοφίην
372 2626 462 2716 πλην
471 2633 765 2715 Λακεδαιμονίων,
776 2626 925 2696 τουτοισι
937 2629 974 2695 δ
958 2624 1071 2695 ἐείναι

65 2724 225 2810 μούνοισι
236 2727 424 2814 σωφρόνως
436 2732 560 2796 δοῦναί
567 2754 602 2795 τε
613 2731 668 2795 καί
679 2731 839 2808 δέξασθαι
853 2725 966 2811 λόγον.
996 2719 1070 2791 ἀλλ’

65 2813 166 2902 ουτος
176 2820 412 2911 μὲνολοχος
389 2833 497 2904 αλλως
507 2822 713 2893 πέπαισται
696 2822 756 2892 υπ
770 2821 882 2891 αὐτῶν
891 2819 1072 2907 Ἑλλήνων,

64 2954 83 2995 ο
68 2919 181 2995 ‘’‘6
153 2954 202 2995 ων
216 2925 321 3017 ἀνηρ,
345 2927 456 3015 ὥσπερ
473 2928 640 3016 πρότερον
657 2929 790 3015 εἰρέθη,
807 2921 986 3008 διεφθάρη.
1011 2911 1073 2987 06-

63 3049 119 3104 τος
140 3028 202 3111 μέν
223 3051 290 3094 νυν
310 3024 400 3094 οὕτω
422 3027 510 3113 δήτι
534 3031 654 3113 ἔπρηξε
669 3021 724 3092 διά
741 3022 868 3103 ξεινικά
889 3046 925 3088 τε
946 3016 1070 3104 νόμαια

63 3121 139 3192 κάλ’
138 3121 326 3209 Ελληνικάς
340 3121 478 3211 ὁμιλίας.
517 3131 679 3192 Πολλοῖσι
696 3122 733 3189 δέ
749 3118 855 3208 κάρτα
870 3114 987 3186 ἔτεσι
970 3113 1069 3183 ύστε-
1050 3125 1115 3182 -λ8

62 3249 128 3311 ρου
141 3219 314 3308 Σκύλης
300 3247 318 3288 ο
337 3219 566 3308 Ἀριαπείθεος
587 3226 693 3289 έπαθε
712 3215 928 3305 παραπλήσια
949 3215 1067 3306 τούτῳ.

10 3334 15 3341 “
57 3315 317 3405 Ἀριαπείθεϊ
277 3344 385 3411 χαρ
354 3345 400 3387 τω
386 3323 581 3389 Σκυθέων
591 3320 768 3406 βασιλέίχ
766 3341 858 3383 νεται
868 3340 928 3402 μετ
931 3281 1071 3380 ’ἀλλάι

1043 3408 1108 3512 Ι
