2354 3840
25 198 28 203 '
126 189 188 251 232
501 189 755 249 HERODOTI

126 350 312 437 ἐξεμαίνετο
325 352 438 437 μένων
453 349 490 416 ἐν
500 349 621 434 Μέμφι
636 349 692 415 καὶ
704 348 815 435 θήκας
829 375 865 418 τε
879 345 1023 429 παλαιῶς
1036 347 1137 420 ῶνοί-

125 472 198 535 γων
211 449 267 517 καὶ
281 445 504 535 σκεπτόμενος
518 441 598 524 τοδς
612 446 770 533 νεκροάς·
793 449 831 516 ἐν
845 451 882 517 δέ
897 445 939 535 δὴ
953 451 1011 517 καί
1024 449 1059 528 ἐς
1072 452 1136 516 τοῶ

120 536 306 633 Ἡφαίστου
320 542 357 612 τό
371 536 548 631 ίρόνῆλθε
567 544 625 612 καὶ
648 543 757 614 πολλοὶ
782 540 971 633 τῶγάλματι
995 550 1136 633 κατεγί-

124 653 221 715 λασε·
254 648 324 712 ἐστι
349 637 415 729 γάρ
439 647 501 710 τοῶ
519 639 706 728 Ἡφαίστου
724 640 881 731 τῶγαλμα
905 657 991 712 τοῖσι
1012 651 1136 712 Φοινι-

124 753 249 833 κηίοισι
264 749 464 812 Παταΐκοισι
486 744 749 830 ἐμφερέστατον,
770 740 850 822 τους
870 748 905 812 οί
919 751 1077 823 Φοίνικες
1097 745 1136 811 ἐν

123 852 199 934 τῇσι
214 843 367 935 πρῴρῃσι
387 848 456 935 τῶν
475 844 641 929 τριηρέων
653 842 864 929 περιάγουσι.
886 838 924 920 δς
937 841 974 910 δέ
990 841 1150 918 τούτους·

124 940 170 1029 μὴ
185 939 317 1027 ὄπωπε,
334 937 397 1026 ἐγῶ
413 932 453 1008 δέ
464 944 498 1008 οί
511 941 682 1026 σημανέω·
704 944 878 1026 πυγμαίου
891 934 1016 1025 άνδρὸς
1030 944 1136 1024 μίμη-

126 1049 176 1121 σίς
194 1043 271 1109 ἐστι.
295 1042 417 1126 ἐσῆλθε
433 1038 469 1108 δέ
489 1042 545 1109 καὶ
559 1041 592 1119 ἐς
605 1045 674 1108 τῶν
688 1047 866 1128 Καβείρων
879 1035 917 1106 τό
932 1034 1026 1126 ίρόν,
1047 1037 1135 1116 ἐςτδ

41 1214 44 1221 ,
125 1136 167 1205 οὐ
181 1136 324 1223 θεμιτόν
345 1139 557 1207 ἐστι-ἐσιέναι
574 1136 678 1206 ἄλλον
691 1163 730 1223 γε
744 1133 767 1224 ἢ
782 1134 844 1206 τόν
858 1140 948 1226 ἱρέα·
975 1142 1083 1204 ταῦτα
1096 1135 1135 1202 δὲ

123 1231 316 1321 τάγάλματα
350 1233 408 1302 καὶ
442 1234 603 1321 ἐνέπρησε
618 1230 725 1303 πολλά
744 1235 973 1315 κατασκώψας.
1004 1237 1075 1301 ἐστι
1096 1232 1134 1298 δέ

124 1336 179 1400 καὶ
195 1339 299 1400 ταῦτα
315 1327 414 1418 ὁμοῖα
435 1338 497 1399 τοῦ
513 1329 714 1417 Ἡφαίστου·
736 1331 860 1399 τούτου
875 1333 915 1400 δέ
931 1351 1038 1418 σφεας
1053 1343 1131 1397 παί-

75 1438 115 1494 88
125 1434 185 1508 δας
194 1432 330 1514 λέγουσι
341 1426 435 1494 εἶναι.
462 1434 620 1516 Πανταχῇ
635 1420 684 1494 ῶν
694 1452 751 1514 μοι
763 1428 847 1514 δῆλά
864 1430 944 1514 ἐστι,
958 1424 1011 1496 ότι
1024 1424 1131 1512 ἐμάνη

124 1523 276 1612 μεγάλως
291 1521 520 1611 ὁΚαμβάσης·
549 1521 591 1591 οό
603 1522 669 1612 γάρ
680 1520 724 1592 άν
734 1529 839 1610 ίροίσί
843 1551 881 1606 τε
895 1527 951 1594 καί
961 1530 1132 1611 νομαίοισι

125 1624 314 1708 ἐπεχείρησε
328 1626 523 1706 καταγελῶν.
547 1627 578 1689 εί
591 1623 657 1707 γάρ
671 1648 721 1702 τις
734 1628 879 1710 προθείη
894 1628 975 1689 πᾶσι
990 1618 1130 1707 άνθρῶ-

124 1737 218 1786 ποισι
238 1721 436 1798 ἐκλέξασθαι
460 1718 610 1786 κελεύων
630 1719 757 1806 νόμους
776 1716 857 1797 τοδς
876 1722 1075 1795 καλλίστους
1094 1718 1130 1783 ἐκ

123 1821 192 1883 τῶν
206 1814 345 1882 πάντων
359 1813 492 1901 νόμων,
514 1816 775 1902 διασκεψάμενοι
790 1810 835 1882 ῶν
848 1816 978 1883 ἑλοίατο
997 1812 1128 1880 ἕκαστον

123 1912 203 1992 τούς
215 1915 365 1980 ἑωυτῶν·
382 1911 470 1981 οὕτω
481 1918 652 1999 νομίζουσι
662 1911 790 1981 πολλόν
800 1938 831 1979 τι
843 1915 1040 1988 καλλίστους
1051 1932 1130 1985 τους

124 2011 261 2077 ἑωυτῶν
274 2006 402 2095 νόμους
419 2011 551 2076 ἕκαστοι
573 2007 666 2076 εἶναι.
689 2005 753 2077 οῶκ
771 2000 819 2076 ῶν
834 2006 925 2086 οἰκός
940 2007 1009 2074 ἐστι
1025 2003 1129 2074 ἄλλον

122 2131 162 2190 γε
175 2102 197 2191 η’
212 2106 418 2193 μαινόμενον
429 2104 536 2190 ἄνδρα
548 2107 675 2191 γέλωτα
688 2104 730 2174 τά
743 2112 880 2173 τοιαῦτα
890 2110 1058 2173 τίθεσθαι.
1085 2098 1130 2181 ῶς

124 2204 160 2270 δὲ
176 2201 265 2270 οὕτω
280 2210 476 2289 νενομίκασι
495 2200 535 2270 τά
561 2200 638 2290 περὶ
661 2198 742 2280 τοός
766 2197 893 2287 νόμους
917 2197 1038 2278 πάντες
1067 2196 1128 2267 άν-

121 2311 274 2389 θρωποι,
301 2310 454 2370 πολλοῖσι
468 2303 531 2389 μέν
550 2305 606 2371 καὶ
619 2301 749 2372 άλλοισι
763 2306 969 2388 τεκμηρίοισι
987 2299 1127 2388 πάρεστι

124 2397 407 2484 σταθμώσασθαι,
436 2403 474 2469 ἐν
497 2400 534 2468 δέ
556 2398 596 2486 δὴ
617 2402 672 2467 καί
691 2403 792 2488 τῶδε·
823 2407 968 2486 Δαρείος
993 2399 1046 2467 ἐπὶ
1070 2402 1127 2483 τῆς

124 2500 252 2564 ἑωυτοῦ
267 2494 368 2585 ἀρχῆς
381 2504 523 2589 καλέσας
530 2497 700 2586 Ἑλλήνων
715 2496 795 2577 τούς
808 2496 994 2583 παρεόντας
1008 2506 1126 2584 εἴρετο,

124 2597 175 2662 ἐπὶ
196 2594 286 2686 κόσςο
301 2593 345 2664 ῶν
364 2598 506 2686 χρήματι
526 2605 703 2687 βουλοίατο
717 2596 797 2677 τοδς
813 2600 957 2685 πατέρας
970 2592 1127 2682 άποθνή-

123 2712 265 2772 σκοντας
279 2699 550 2763 κατασιτέεσθαι·
572 2702 606 2764 οί
618 2699 654 2764 δὲ
671 2692 724 2763 ἐπ’
741 2693 855 2764 οὐδενὶ
870 2701 1001 2782 ἔφασαν
1014 2696 1127 2782 ἕρδειν

121 2787 166 2859 ῶν
179 2798 288 2861 τοῦτο.
333 2805 478 2878 Δαρεῖος
492 2795 528 2862 δὲ
542 2792 623 2881 μετά
643 2802 747 2863 ταῦτα
760 2799 901 2874 καλέσας
917 2791 1033 2864 Ἰνδῶν
1046 2791 1127 2871 τοὺς

120 2894 345 2977 καλεομένους
359 2897 542 2979 Καλατίας,
564 2899 598 2960 οἳ
608 2892 687 2973 τοδς
698 2897 819 2981 γονέας
833 2899 1060 2978 κατεσθίουσι,
1077 2901 1125 2960 εί-

121 3013 196 3073 ρετο
218 2986 414 3072 παρεόντων
433 2995 501 3057 τῶν
519 2987 688 3079 Ἑλλήνων
711 2995 770 3066 καί.
787 2989 833 3059 δι’
858 2992 1017 3078 έρμηνέος
1037 3015 1126 3076 μαν-

120 3087 302 3154 θανόντων
320 3082 361 3154 τόι
385 3086 566 3175 λεγόμενα,
588 3091 642 3157 ἐπὶ
663 3095 730 3157 τίνι
748 3088 889 3177 χρήματι
909 3083 1053 3166 δεξαίατ’
1080 3082 1126 3154 ῶν

61 3249 64 3255 ,
119 3188 351 3265 τελευτέοντας
364 3183 445 3265 τούς
460 3191 604 3275 πατέρας
624 3193 816 3255 κατακαίειν
829 3189 927 3271 πυρί·
959 3186 994 3251 οί
1008 3184 1046 3252 δέ
1059 3180 1125 3269 άμ-

120 3278 288 3366 βῶσαντες
301 3285 386 3369 μέγα
410 3280 592 3370 εὐφημέειν
608 3309 667 3370 μιν
683 3285 846 3352 ἐκέλευον.
876 3278 965 3349 οὕτω
980 3282 1043 3368 μέν
1057 3302 1125 3348 νυν
