2354 3840
319 191 404 248 ΗΒ.
436 191 484 248 IV.
518 189 617 248 cAP.
652 196 827 252 125—129.
1004 194 1068 256 349

61 359 304 437 συμμίσγοιμεν
325 345 369 415 ἂν
393 352 426 426 ές
445 348 556 434 μάχην
572 346 670 434 ύμῖν·
695 354 724 418 εί
737 354 774 418 δὲ
794 355 863 420 δέοι
884 353 1019 431 πάντως
1033 355 1067 430 ές

61 455 158 517 τοῦτο
170 443 258 516 κατὰ
272 446 370 532 τάχος
384 443 620 532 ἀπικνέεσθαι,
640 448 847 534 τυγχάνουσι
859 445 941 537 ἡμίν
955 451 1067 530 ἐόντες

61 549 160 635 τάφοι
178 547 349 633 πατρύεοι.
375 549 510 633 φέρετε,
532 547 674 626 τούτους
690 545 892 636 ἀνευρόντες
912 553 1066 636 συγχέειν

60 652 225 732 πειρᾶσθε
241 641 382 730 αύτούς,
404 646 460 712 καί
474 642 650 730 χνάσεσθε
665 646 758 732 τότε,
780 657 845 716 είτε
865 644 946 733 ὑμῖν
965 673 1067 734 μαχε-

60 745 191 830 σόμεθα
205 745 282 828 περὶ
296 749 364 809 τῶν
378 743 497 829 τάφων
514 751 579 812 είτε
593 746 648 811 καὶ
664 741 705 813 ού
721 745 945 833 μαχεσόμεθα.
979 746 1067 830 πρό-

61 867 159 929 τερον
175 842 227 927 δὲ,
249 835 294 928 ἡν
314 838 358 928 μὴ
375 838 478 930 ἡμέας
497 841 597 927 λόγος
611 845 717 930 αίρέη,
728 840 769 912 ού
784 848 989 931 συμμίξομέν
1003 869 1063 912 τοι.

61 936 146 1025 άμφὶ
168 939 230 1024 μέν
254 936 342 1026 μάχη
362 945 506 1006 τοσαῦτα
533 938 699 1026 είρὴσθω,
720 940 883 1021 δεσπότας
909 944 945 1009 δέ
966 938 1066 1027 ἐμούς

63 1034 126 1124 ἐγώ
143 1043 212 1105 Δία
233 1063 269 1105 τε
289 1044 413 1124 νομίζω
432 1035 493 1106 τόν
514 1034 597 1125 ἐμὸν
613 1037 785 1126 πρόγονον
799 1043 854 1108 καὶ
870 1039 991 1128 Ἱστίην
1004 1039 1065 1128 τὴν

62 1134 231 1203 Σκυθέων
241 1142 415 1222 βασίλειαν
429 1136 579 1222 μούνους
591 1134 685 1205 εἶναι.
710 1138 763 1205 σοὶ
778 1137 814 1207 δέ
830 1136 904 1207 ἀντὶ
918 1142 980 1226 μέν
998 1140 1066 1206 διό-

62 1259 130 1318 ρων
151 1237 212 1320 γὴς
234 1258 271 1302 τε
291 1240 347 1304 καί
366 1234 487 1315 ύόατος
511 1240 603 1323 δῶρα
619 1240 739 1323 πέμψω
759 1245 913 1326 τοιαῦτα,
936 1236 991 1308 οἷά
1015 1264 1065 1306 τοι

60 1335 179 1417 πρέπει
201 1333 331 1418 ἐλθεῖν,
354 1331 485 1404 ἄνελθέ
507 1341 568 1402 τοῦ
589 1333 641 1403 ὅτι
662 1334 825 1421 δεσπότης
839 1343 964 1425 ἔφησας
981 1334 1066 1404 εἶναι

60 1434 153 1524 ἐμός,
177 1440 304 1503 κλαίειν
329 1435 424 1519 λέγω.
456 1431 493 1502 ‘0
516 1434 579 1522 μέν
601 1431 644 1520 δὴ
671 1436 776 1522 κὴρυξ
803 1433 941 1521 οἰχώκεε
964 1431 1066 1520 ἄγχε·
1101 1490 1113 1513 „

60 1537 145 1604 λέων
169 1539 272 1603 ταῦτα
299 1540 453 1626 Δαρείῳ,
478 1538 512 1602 οί
536 1533 573 1603 δέ
597 1535 766 1603 Σκυθέων
787 1536 938 1620 βασιλέες
962 1532 1067 1604 άκού-
1086 1551 1135 1603 128

59 1656 176 1715 σαντες
207 1640 265 1721 τὴς
295 1633 503 1721 δουλοσύνης
531 1633 569 1702 τό
601 1633 731 1723 ούνομα
760 1629 864 1725 όρχὴς
895 1633 1067 1722 ἐπλήσθη-

60 1758 133 1805 σαν.
169 1735 230 1822 τὴν
253 1734 315 1822 μέν
341 1733 383 1820 δὴ
408 1732 489 1822 μετά
513 1734 761 1822 Σαυροματέων
783 1750 906 1822 μοῖραν
929 1746 1067 1820 ταχθεί-

60 1857 144 1924 σαν,
167 1841 227 1922 τῆς
249 1827 331 1922 ἡρχε
355 1833 534 1913 Σκώπασις
546 1887 555 1920 ,
579 1834 747 1921 πέμπουσι
763 1833 854 1904 Ἴωσι
876 1837 1067 1914 κελεύοντες

59 1939 93 2017 ές
117 1935 239 2022 λόγους
257 1931 455 2021 ἀπικέσθαι,
476 1933 621 2002 τούτοισι
638 1941 674 2002 οἳ
693 1933 895 2022 τόνἽστρον
914 1935 1068 2021 ἐζευγμέ-

57 2061 121 2122 νον
139 2035 342 2124 ἐφρούρεον,
366 2031 480 2103 αύτοῐν
505 2035 543 2102 δὲ
560 2049 645 2102 τοῖσι
663 2029 953 2121 ὑπολειπομένοισι
976 2037 1068 2114 ἔδοξε

59 2142 194 2205 πλανᾶν
210 2137 272 2223 μέν
288 2134 401 2222 μηκέτι
418 2135 569 2223 Πέρσας,
592 2149 667 2204 σίτα
685 2136 723 2203 δὲ
741 2134 897 2203 ἑκάστοτε
913 2128 1068 2221 ἀναιρεο-

58 2233 189 2322 μένοισι
218 2239 433 2304 ἐπιτίθεσθαι.
482 2234 667 2321 νωμέοντες
699 2228 747 2303 ύν
774 2250 849 2302 σῖτα
875 2232 1068 2322 ἀναιρεομέ-

64 2362 145 2413 νους
158 2332 238 2413 τούς
252 2341 401 2423 Δαρείου
419 2336 554 2401 ἐποίευν
567 2329 608 2399 τά
623 2333 881 2419 βεβουλευμένα.
910 2329 931 2418 ἡ
948 2334 1010 2417 μέν
1025 2328 1065 2417 δὴ

61 2437 164 2512 ἵππος
179 2431 241 2519 τὴν
256 2437 361 2502 ἵππου
377 2436 440 2501 αίελ
460 2431 626 2516 τράπεσκε
646 2427 667 2516 ἡ
687 2436 754 2498 τῶν
769 2425 953 2513 Σκυθέων,
976 2434 1010 2497 οί
1030 2431 1066 2497 δὲ

62 2543 130 2604 τῶν
137 2541 297 2621 Περσέων
308 2535 444 2604 ἱππόται
459 2534 642 2621 φεύγοντες
653 2534 830 2599 ἐσέπιπτον
841 2533 874 2609 ἐς
884 2526 944 2597 τόν
955 2534 1065 2614 πεζόν,

63 2631 81 2703 ό
98 2633 134 2700 δέ
149 2629 245 2714 πεζός
259 2627 304 2699 άν
317 2629 512 2715 ἐπεκούρεε·
535 2631 569 2694 οί
578 2629 614 2695 δέ
625 2627 763 2694 Σκύθαι
775 2625 994 2713 ἐσαράξαντες
1005 2623 1067 2711 τὴν

62 2735 167 2797 ἵππον
190 2724 418 2813 ὑπέστρεφον,
446 2722 506 2793 τόν
526 2722 626 2805 πεζόν
651 2723 861 2811 φοβεόμενοι.
893 2727 1066 2793 ἐποιεῦντο

63 2825 100 2895 δὲ
117 2828 173 2894 καί
188 2821 248 2903 τάς
262 2823 386 2900 νύκτας
406 2828 639 2908 παραπλησίας
659 2820 849 2910 προσβολὰς
870 2826 903 2889 οί
917 2820 1065 2888 Σκύθαι.

66 2920 112 2991 Τό
129 2925 165 2990 δέ
179 2934 265 2990 τοῖσι
278 2924 431 3008 Πέρσησί
441 2945 477 2987 τε
491 2914 536 3007 ἡν
553 2920 728 3006 σύμμαχον
742 2923 798 2989 καὶ
812 2933 897 2988 τοῖσι
908 2918 1068 3005 Σκύθησι
1081 2934 1129 2990 129

62 3021 220 3103 ἀντίξοον
228 3023 487 3104 ἐπιτιθεμένοισι
497 3024 699 3107 τῷΛαρείου
711 3022 939 3107 στρατοπέδῳ,
968 3019 1069 3100 θῶμα

63 3125 220 3207 μέγιστον
238 3119 335 3204 ἐρέω,
357 3122 426 3182 τῶν
446 3140 482 3183 τε
504 3113 628 3202 όνωνὴ
650 3115 747 3203 φωνὴ
763 3119 818 3184 καί
834 3123 903 3183 τῶν
917 3112 1070 3201 ἡμιόνων

63 3215 99 3288 τό
124 3214 219 3293 εἶδος.
254 3210 418 3299 οὔτεγὰρ
442 3212 525 3281 όνον
549 3212 627 3280 οὔτε
646 3211 789 3300 ἡμίονον
808 3220 851 3299 χὴ
871 3210 892 3300 ἡ
911 3209 1069 3299 Σκυθικὴ

63 3319 177 3400 φέρει,
194 3309 238 3390 ὡς
253 3315 308 3379 καί
325 3313 491 3398 πρότερόν
505 3338 563 3395 μοι
579 3313 778 3399 δεδήλωται,
800 3311 879 3380 οὐδὲ
895 3319 963 3381 ἔστι
979 3317 1016 3380 έν
1030 3319 1071 3405 τὴ

65 3416 224 3496 Σκυθικῇ
240 3407 331 3496 πάση
351 3409 441 3497 χάρη
459 3405 495 3476 τό
514 3409 673 3493 παράπαν
695 3409 773 3480 ούτε
788 3410 865 3488 ὄνος
882 3410 959 3478 οὔτε
972 3408 1071 3493 ἡμίο-

976 3506 1114 3600 fl
