2354 3840
310 187 397 244 LIB.
428 186 476 242 IV.
511 184 612 242 cAP.
646 187 819 242 139-144.
1007 178 1070 244 355

61 356 155 427 ρείον
176 340 263 432 ἀνὴρ
284 343 470 430 Αἰγύπτιος
500 343 643 426 φωνέων
671 342 828 426 μέγιστον
857 337 1069 427 άνθροίπυυ·

62 449 184 510 τοῦτον
203 441 265 510 τδν
288 441 398 528 άνδρα
420 437 629 508 καταστάντα
650 439 703 506 ἐπὶ
719 443 780 505 τού
794 443 918 523 χείλεος
935 436 1070 506 τοῦἼσ-

63 565 145 629 τρου
159 542 291 608 ἐκέλευε
302 549 448 626 Δαρείος
458 539 591 605 καλέειν
602 533 757 605 Ἱστιαῖον
769 535 948 623 Μιλήσιον.
973 533 990 603 ὃ
1006 537 1070 622 μὲν

63 637 102 726 δη
118 640 227 708 ίποίεε
241 644 363 724 ταῦτα,
375 633 526 713 Ἱστιαῖος
542 635 578 702 δὲ
596 634 785 713 ἐπακούσας
806 641 851 725 τῷ
869 632 990 724 πράτρ)
1012 660 1069 702 κε-

62 736 200 823 λεύματι
211 736 271 815 τάς
285 761 321 804 τε
336 737 414 813 νίας
425 731 558 812 ἁπάσας
573 748 707 820 παρεῖχε
725 733 991 820 διαπορθμεύειν
1006 730 1068 819 τὴν
1155 739 1156 743 ’

60 835 221 924 στρατιὴν
234 838 290 905 καὶ
306 834 369 923 τὴν
384 839 539 922 γέφυραν
553 838 669 916 ἔζευξε.
695 836 823 923 Πέρσαι
837 837 899 921 μὲν
915 827 963 902 οδν
979 832 1068 903 οὕτω
1089 840 1137 896 142

61 933 276 1021 ἐκφεύγουσι,
293 933 432 1002 Σκύθαι
444 936 481 1000 δὲ
493 932 661 1020 διζήμενοι
673 936 727 1002 καλ
738 930 775 1001 τὰ
788 933 948 1020 δεύτερον
958 930 1068 1020 ἥμαρ-

60 1059 120 1102 τον
133 1037 380 1121 τῶυΠερσέων,
395 1034 561 1100 καὶτοῦτο
578 1033 650 1118 μὲν,
667 1029 711 1110 ὡς
722 1029 957 1110 ίόνταςἽωυας
973 1033 1068 1100 ἑλεν-

59 1134 203 1218 θίρους,
219 1135 398 1208 κακίστους
411 1154 448 1197 τε
459 1131 514 1196 καλ
525 1124 797 1215 ἀνανδροτάτους
812 1135 966 1216 κρίνουσι
981 1125 1066 1195 εἶναι

60 1226 222 1317 ἁπάντων
251 1225 465 1315 ἀνθρώπων,
500 1232 599 1294 τοῦτο
625 1225 679 1314 δὲ,
712 1222 756 1304 ὡς
794 1226 927 1294 δούλαν
944 1222 1066 1294 Ἰάνων

58 1325 245 1414 τὸνλόγον
267 1326 480 1413 ποιεύμενοι,
512 1321 709 1413 ἀνδράποδα
737 1323 962 1412 φιλοδίσποτά
984 1342 1067 1410 φασι

60 1425 213 1498 εἶναικαὶ
229 1425 376 1514 άδρηστα
396 1424 546 1512 μάλιστα.
587 1433 690 1494 ταῦτα
712 1429 774 1511 μὲν
797 1424 837 1513 δὴ
855 1425 1013 1515 Σκύθῃσι
1034 1426 1066 1503 ἐς

52 1525 170 1608 Ἴωνας
183 1525 392 1614 ἀπέρριπται

143 1638 288 1745 Δαρεῖος
309 1627 345 1694 δὲ
366 1623 422 1693 διά
441 1631 498 1712 τῆς
513 1631 659 1712 Θρηίκης
680 1624 909 1711 πορευόμενος
929 1620 1064 1691 ἀπίκετο
1082 1640 1134 1698 143

59 1728 92 1803 ἐς
113 1721 250 1810 Σηστδν
273 1729 331 1810 τῆς
352 1722 590 1810 Χερσονήσου·
626 1726 788 1791 ἐνθεῦτεν
813 1725 850 1792 δὲ
875 1719 975 1802 αὐτὸς
1003 1723 1065 1809 μὲν

59 1823 152 1910 διέβη
177 1824 251 1909 τῇσι
266 1823 398 1908 νηυσδέ
398 1849 414 1900 ς
429 1846 490 1906 την
502 1818 632 1907 ’,Ασίηυ
647 1827 753 1888 λείπει
775 1821 810 1887 δὲ
825 1818 1012 1909 στρατηγὸν
1026 1823 1064 1889 ίν

58 1927 98 2012 τῇ
122 1915 272 2010 Εὐρώπη
299 1921 504 2009 Μεγάβαζον
533 1920 642 2009 άνδρα
663 1923 815 2008 Πέρσην,
845 1927 891 2010 τῷ
917 1920 1063 2007 Δαρειύς

57 2045 133 2087 κοτε
149 2023 252 2087 ἔδωκε
266 2022 365 2105 γέρας
379 2019 511 2086 τοιόνδε
523 2028 617 2097 είπας
628 2021 665 2085 ἐν
675 2019 824 2106 Πέρσῃσι
836 2023 930 2096 ἔπος·
950 2015 1064 2105 άιρμη-

57 2119 163 2203 μίνου
183 2125 333 2204 Δαρείου
356 2113 451 2204 ῥοιὰς
470 2117 629 2204 τράγειυ,
660 2114 703 2195 ὡς
724 2114 835 2197 άνοιξε
849 2115 984 2203 τάχιστα
1002 2115 1064 2203 τὴν

56 2214 196 2300 πράτην
210 2221 279 2282 τῶν
294 2217 433 2301 ῥοιέων,
453 2224 559 2301 είρετο
575 2211 681 2282 αύτόν
697 2211 714 2281 6
732 2212 1064 2302 άδελφεόςἎρτάβα-

57 2338 132 2398 νος,
164 2310 184 2380 6'
206 2339 239 2380 τι
266 2309 417 2399 βούλοιτ’
441 2310 487 2378 άν
505 2316 540 2379 σί
563 2317 703 2379 τοσοῦτο
731 2319 862 2397 πλῆθος
889 2315 1061 2399 γενέσθαι,

57 2407 133 2476 ὅσοι
154 2411 191 2477 ἐν
211 2415 250 2496 τῇ
264 2413 340 2497 ῥοιῇ
357 2408 484 2477 κόκκοι.
526 2418 671 2495 Δαρεῖος
693 2409 729 2476 δὲ
752 2407 822 2476 εἶπε
839 2411 1062 2496 Μεγαβάζους

56 2504 100 2573 άν
121 2510 157 2588 σί
174 2506 357 2585 τοσούτους
379 2503 529 2593 άριθμόν
550 2509 710 2593 γενέσθαι
726 2507 912 2595 βούλεσθαι
932 2514 1062 2594 μάλλον

56 2599 78 2689 ἢ
100 2599 163 2691 τὴν
178 2602 320 2675 Ἐλλάδα
336 2607 499 2696 ὑπήκοον.
540 2614 578 2677 ἐν
592 2610 655 2696 μὲν
670 2607 711 2696 δὴ
722 2613 871 2700 Πέρσησι
886 2612 991 2679 ταῦτά
1002 2638 1061 2697 μιν

56 2711 151 2780 είπας
165 2706 275 2790 ἐτίμα,
296 2704 372 2773 τότε
394 2705 430 2774 δὲ
451 2705 556 2774 αὐτὸν
579 2704 719 2775 ὑπέλιπε
742 2707 928 2794 στρατηγὸν
944 2716 1060 2797 ἔχοντα

55 2807 112 2886 τῆς
132 2809 287 2889 στρατιῆς
307 2811 365 2890 τῆς
389 2803 557 2871 ἕωιπού’
540 2803 627 2873 οκτώ
643 2806 817 2892 μυριάδας.
864 2800 972 2886 Οὗτος
990 2803 1058 2874 δδὸ
1076 2828 1126 2884 144

55 2895 253 2984 Μεγάβαζος
268 2909 361 2979 είπας
383 2900 459 2969 τάδε
479 2899 516 2970 τὸ
534 2907 613 2982 ἔπος
629 2906 680 2971 ἐλί
665 2909 756 2972 ίπετο
775 2901 949 2973 ἀθάνατον
973 2906 1059 2995 μνή-

53 3019 121 3080 μην
136 2992 220 3081 πρδς
237 2994 518 3084 Ἑλλησποντίων·
539 3000 722 3121 γενύμεγος
742 3001 807 3090 γάρ
836 3007 873 3070 ἐν
886 3011 1057 3096 Βυζαντίῳ

52 3091 199 3159 ἐπύθετο
238 3096 456 3165 επτακαίδεκα
482 3104 568 3166 ἔτεσι
605 3097 771 3186 πρότερον
805 3073 1056 3188 Καλχηδονίους

51 3195 229 3269 κτίσαντας
266 3218 329 3279 την
372 3195 487 3282 χάρην
516 3201 732 3284 Βυζαντίων,
780 3199 978 3286 πυθόμενος
1017 3203 1053 3270 δὲ

50 3290 117 3371 ἔφη
152 3293 403 3376 Καλχηδονίους
439 3299 562 3361 τοῦτον
598 3291 660 3361 τὸν
705 3294 831 3382 χρόνον
875 3298 1054 3385 τυγχάνειν

48 3384 166 3465 ἐόντας
180 3390 345 3473 τυφλούς
382 3389 424 3459 οὐ
445 3389 509 3478 γάρ
525 3390 569 3460 άυ
590 3399 651 3462 τοῦ
674 3399 1101 3550 καλλίονοςῖθτηαρεύντος
1130 3480 1135 3487 ⁴
