2354 3840
136 187 196 249 120
534 185 785 243 HERODOTI

134 353 202 414 τῶν
218 344 366 432 πλήθεος
382 347 457 430 πέρι
473 341 563 423 άξιος
583 349 820 431 συμβληθῆναι
836 344 912 412 έστέ.
954 345 1018 413 είσὶ
1031 344 1069 413 δέ
1081 344 1128 413 κτλ
1168 314 1171 353 1

134 441 231 512 άλλοι
244 442 386 528 ποταμοὶ
400 438 441 509 οὐ
456 436 539 508 κατά
553 437 613 508 τὸν
626 448 753 525 Νείλου
767 440 878 520 έόντες
894 440 1065 529 μεγάθεα,
1084 442 1129 509 ολ-
1168 452 1171 465 ’

134 567 221 621 τινες
237 547 318 627 ἔργα
332 537 574 625 ἀποδεξάμενοι
590 540 719 626 μεγάλα
736 545 815 609 είσί·
843 547 911 608 των
927 535 994 625 έγά
1008 533 1128 627 φράσω
1169 538 1171 559 ²

135 644 197 726 έχω
213 636 384 725 οὐνόματα
399 637 454 704 καί
469 632 581 705 άλλων
600 634 734 707 καὶούκ
750 635 869 725 ἥκιστα
890 633 1073 728 Ἀχελῴου,
1097 630 1128 715 ές
1168 666 1171 723 ς

134 739 221 826 δέων
237 733 281 803 δι’
301 732 518 822 Ἀκαρνανίης
537 737 592 802 καὶ
610 735 704 815 έξιελς
717 735 751 813 ές
770 734 948 803 θάλασσαν
964 740 1035 802 τῶν
1052 730 1126 819 ’1511-

133 834 249 903 νάδωυ
263 830 376 920 νήσων
392 831 451 912 τάς
467 829 604 920 ἡμισέας
617 828 681 920 ἤδη
695 829 836 921 ἤπειρον
850 838 1036 919 πεποίηκεἸ
1167 858 1171 931 j

89 963 120 1015 η
207 929 298 999 ’Ἐστι
326 930 363 998 δὲ
393 936 451 1017 τῆς
479 927 632 1019 Ἀραβίης
658 929 785 1017 χάρης,
820 931 998 1017 Αίγόπτου
1029 928 1067 997 δέ
1092 922 1128 995 οὗ

133 1030 267 1116 πρόσω,
290 1028 414 1108 κόλπος
429 1029 603 1116 θαλάσσης
618 1032 740 1116 ἐσέχων
761 1031 797 1097 έκ
818 1035 876 1116 τῆς
895 1026 1062 1117 Ἐρυθρῆς
1075 1050 1129 1095 ιιι·

134 1130 294 1214 λεομένης
313 1126 505 1214 θαλάσσης,
533 1124 661 1215 μακρὰς
681 1125 770 1195 οὕτω
795 1126 837 1214 δή
861 1151 892 1195 τι
917 1126 974 1194 καὶ
997 1118 1129 1209 στεινός,

135 1226 180 1307 ὡς
203 1233 339 1316 ἔρχομαι
366 1227 523 1317 φράσων·
550 1232 654 1313 μῆκος
678 1228 740 1313 μὲν
764 1226 873 1296 πλόου
900 1221 1129 1315 άρξαμέυφέε

97 1392 102 1401 ,
134 1333 242 1413 μυχοῦ
259 1330 460 1395 διεκπλῶσαι
475 1327 508 1404 ές
522 1321 584 1410 τὴν
599 1321 721 1411 εὐρέαν
741 1325 919 1394 θάλασσαν
931 1319 1055 1413 ἡμέραι
1075 1315 1129 1389 άν-

134 1430 346 1510 αισιμοῦνται
360 1422 602 1509 τεσσεράκοντα
621 1426 746 1512 είρεσίη
758 1424 945 1514 χρεομένφ,
969 1413 1070 1505 εὖρος
1088 1418 1130 1503 δέ,

120 1528 173 1609 ,τῇ
188 1518 370 1607 εόράτατός
384 1522 452 1589 έστι
466 1517 485 1589 δ
501 1520 635 1608 κόλπος,
656 1519 762 1608 ἥμισυ
775 1518 900 1611 ἡμέρης
916 1518 1036 1591 πλόου.
1076 1518 1130 1607 δη·

134 1625 187 1705 χίη
202 1615 235 1686 δ’
256 1620 292 1686 έν
306 1615 397 1711 αὐτῷ
411 1622 466 1688 καί
481 1617 629 1708 άμπωτις
643 1617 709 1689 άνά
724 1627 835 1690 πᾶσαν
854 1617 984 1710 ἡμέρην
999 1624 1130 1705 γίνεται.

133 1718 249 1802 ἕτερον
270 1722 424 1786 τοιοῦτον
444 1717 572 1786 κόλπον
595 1720 651 1786 καί
668 1714 731 1805 τὴν
753 1726 932 1803 Αἴγυπτον.
951 1718 1060 1785 δοκέω
1081 1738 1133 1800 με·

134 1816 254 1883 νέσθαι
275 1842 354 1902 κου,
379 1812 437 1885 ιὸν
458 1815 539 1904 μέν,
566 1817 603 1883 έκ
625 1818 683 1903 τῆς
709 1823 846 1907 βορηίης
868 1817 1043 1907 θαλάσσης
1068 1822 1136 1891 έσέ·

135 1940 237 2000 χοντα
261 1917 316 1984 έπλ
339 1921 537 2003 Αίθιοπίης,
566 1913 626 1983 τόν
655 1916 694 1985 δέ
713 1913 885 2007 Ἀράβιον,
915 1915 976 1989 τόν
1007 1925 1138 2010 ἔρχομαι

136 2014 258 2101 λέξων,
278 2017 314 2083 έκ
332 2020 388 2101 τῆς
408 2021 518 2102 νοτίης
535 2016 681 2104 φέροντα
699 2016 753 2085 έπλ
775 2023 921 2107 Συρίης,
941 2018 1065 2106 σχεδόν
1079 2020 1137 2109 μέν

134 2110 305 2199 άλλήλοισι
323 2121 620 2206 συντετραίνοντας
635 2114 715 2196 τούς
737 2116 884 2206 μυχοδς,
908 2109 1028 2205 Ιὀλίγον
1053 2122 1097 2189 δέ
1110 2146 1137 2189 τι

135 2214 430 2302 παραλλάσσοντας
459 2220 517 2302 τῆς
546 2213 665 2303 χάρης.
709 2220 741 2285 εί
770 2208 819 2286 όν
848 2215 1001 2306 ἐθελήσει
1026 2220 1131 2311 έκτρέ·

135 2325 195 2392 ναι
209 2313 246 2382 τδ
262 2316 407 2404 ῥέεθρον
427 2312 446 2385 ό
469 2324 592 2398 Νεῖλος
608 2321 641 2398 ές
653 2326 776 2389 τοῦτον
795 2316 856 2389 τόν
876 2317 1036 2408 Ἀράβιον
1058 2316 1138 2389 κόλ-

133 2435 215 2498 πον,
244 2417 280 2479 τί
295 2439 354 2500 μιν
373 2412 497 2496 κωλύει
518 2416 653 2504 δέοντος
675 2416 799 2486 τούτου
815 2419 1028 2504 ἐκχωσθῆναι
1045 2414 1137 2495 έντός

132 2535 171 2595 γε
193 2513 379 2599 δισμυρίων
398 2514 516 2595 έτέωνς
542 2511 606 2601 έγιδ
623 2514 686 2600 μέν
704 2512 770 2604 γάρ
787 2519 931 2601 ἔλπομαί
945 2539 986 2601 χε
999 2516 1059 2583 καλ
1073 2540 1138 2602 μυ-

134 2611 217 2692 ρίων
232 2604 326 2686 έντδς
338 2619 513 2697 χωσθηναι
527 2637 579 2679 αν.
612 2637 676 2680 κου
695 2638 734 2700 χε
758 2616 799 2699 δη
821 2615 859 2681 έν
874 2638 920 2704 τη)
936 2630 1137 2699 προαναισι-

134 2707 275 2795 αωμέυρι
300 2704 412 2796 χρόνῳ
432 2708 598 2794 πρότερον
618 2706 641 2797 ἢ
651 2711 717 2797 ιἐμὲ
737 2712 897 2796 γενέσθαι
917 2707 981 2779 οόιι
1001 2706 1049 2779 άν
1074 2735 1138 2796 χω-

132 2807 231 2888 σθείη
247 2800 372 2882 κόλπος
387 2807 443 2873 καί
462 2813 575 2898 πολλῷ
591 2809 698 2894 μέζων
718 2813 767 2876 έτι
787 2806 911 2877 τούτου
931 2805 999 2877 ὑπὸ
1014 2807 1137 2877 τοσοό·

131 2924 192 2968 του
204 2923 241 2968 τε
254 2908 406 2988 ποταμοῦ
420 2904 476 2972 καί
490 2900 579 2972 οὕτω
593 2909 787 2993 έρχατικοῦς
1089 2948 1092 2953 -

87 3017 118 3070 12
216 2993 265 3063 Τά
278 2998 541 3085 περλΑίγυπτον
553 2994 603 3070 άν
617 3004 672 3071 καί
691 3016 777 3072 τοίσι
797 3006 933 3090 λέγουσι
954 3001 1043 3073 αὐτά
1064 3028 1090 3073 π

130 3104 246 3182 θομαι,
269 3096 324 3164 καί
338 3093 439 3176 αι’πδς
454 3096 543 3167 οὕτω
557 3099 664 3187 κάρτα
679 3102 785 3169 δοκέω
800 3099 902 3189 εἶναι,
924 3100 1010 3171 ίδάν
1021 3126 1061 3171 τε
1074 3100 1136 3193 τὴν

131 3200 305 3278 Λίγυπτον
319 3195 543 3283 προκειμένην
559 3203 617 3283 τῆς
638 3199 793 3287 ἐχομένης
808 3204 888 3287 γῆς,
915 3198 1082 3287 κογχύλιά
1099 3226 1136 3269 τε

132 3291 321 3379 φαινόμενα
346 3295 398 3361 έπλ
417 3307 503 3363 τοῖσι
528 3292 644 3384 οὔρεσι
668 3299 724 3365 καί
748 3294 860 3385 άλμην
885 3298 1133 3385 ἐπανθέουσαν,

132 3385 216 3456 άστε
231 3390 286 3456 καί
301 3385 360 3468 τάς
374 3394 563 3478 πυραμίδας
573 3394 762 3482 δηλέεσθαι,
780 3397 835 3464 καὶ
851 3394 990 3480 ψάμμον
1003 3400 1133 3481 μοῦνον
