2340 3832
318 195 403 250 LIB.
436 195 483 249 IV.
518 192 618 249 cAP.
651 198 792 253 16-21.
998 194 1060 257 303

64 352 100 418 δὲ
124 349 244 436 ταύτης
266 347 337 419 ἀνω
356 348 442 419 ίόντι
467 352 614 416 οἰκέουσι
635 346 773 417 Σκύθαι
798 357 938 439 γεωργοὶ
982 364 1060 435 τούς

10 476 14 515 ι
57 445 211 531 Ἕλληνες
230 451 264 514 οί
282 450 447 524 οίκέοντες
467 447 519 512 ἐπὶ
538 451 584 535 τῷ
599 441 717 512 Ὑπάνι
742 457 878 539 ποταμῷ
905 456 1060 522 καλέουσι

10 576 13 607 :
62 551 346 630 Βορυσθενεΐτας,
369 545 472 629 σφέας
488 545 523 610 δὲ
539 539 664 620 αύτούς
680 539 932 630 Ὀλβιοπολίτας.
966 541 1060 616 οὗτοι

10 667 14 707 ι
64 638 113 712 ῶν
136 649 170 711 ολ
186 647 329 729 γεωργοί
344 644 482 711 Σκύθαι
501 645 657 730 νέμονται
678 642 714 709 τό
738 646 801 729 μὲν
820 644 904 732 πρός
927 644 988 734 τήν
1012 646 1061 734 ήῶ

10 771 14 805 :
62 744 116 810 ἐπὶ
138 755 226 826 τρεῖς
252 738 376 826 ἡμέρας
400 737 500 827 ὁδοῦ,
522 740 719 826 κατήκοντες
745 745 797 810 ἐπὶ
820 743 987 831 ποταμὸν,
1014 753 1060 836 τῷ

10 868 11 893 1
62 836 193 923 οὔνομα
207 837 315 904 κέεται
327 837 557 924 Παντικάπης,
579 834 616 904 τό
639 838 675 905 δὲ
695 836 779 923 πρός
792 844 915 928 βορέην
935 841 1060 928 ἄνεμον

11 964 15 999 z
62 934 170 1003 πλόον
185 932 249 1001 άνά
264 931 324 1001 τόν
337 937 553 1019 Βορυσθένεα
567 932 717 1022 ἡμερέων
732 937 866 1005 ἕνδεκα·
888 936 908 1026 ἡ
931 940 967 1008 δὲ
980 967 1058 1008 κατ-

13 1088 15 1095 ,
64 1032 194 1119 ύπερθε
214 1031 344 1099 τούτων
365 1033 485 1119 ίρήμός
506 1036 574 1100 ἐστι
594 1035 647 1099 ἐπὶ
667 1033 801 1101 πολλόν.
835 1034 916 1122 μετά
938 1039 972 1104 δὲ
997 1036 1064 1124 τήν

62 1133 189 1216 ἐρήμου
205 1127 428 1218 Ἀνδροφάγοι
450 1131 613 1215 οἰκέουσι,
635 1135 736 1208 ἔθνος
750 1129 808 1198 έὸν
827 1137 915 1200 ίδιον
929 1136 984 1201 καὶ
998 1131 1059 1202 ού-

62 1233 174 1313 δαμῶς
187 1228 375 1297 Σκυθικόν.
404 1226 440 1294 τό
458 1231 493 1296 δὲ
508 1229 639 1295 τούτων
653 1227 844 1314 κατύπερθε
860 1231 978 1315 ἕρημος
994 1227 1057 1316 ήδη

10 1332 15 1391 ι
60 1323 212 1409 ἀληθέως
226 1327 279 1393 καὶ
294 1331 396 1403 ἔθνος
411 1323 605 1409 ἀνθρώπων
621 1321 738 1409 οὐδὲν,
753 1321 937 1411 όσονὴμείς
951 1329 1055 1410 ίδμεν.

11 1451 15 1457 ’
64 1420 110 1489 Τό
128 1422 163 1490 δὲ
179 1419 261 1508 πρὸς
276 1419 337 1510 τήν
350 1419 400 1508 ήῶ
411 1429 479 1488 τῶν
492 1427 650 1507 γεωργῶν
663 1421 792 1488 τούτων
803 1426 970 1489 Σκυθέων
984 1425 1057 1488 δια·
1073 1440 1106 1496 19

10 1562 12 1575 ι
61 1518 161 1605 βάντι
180 1516 240 1585 τόν
259 1518 480 1604 Παντικάπην
499 1514 650 1603 ποταμόν
671 1518 814 1605 νομάδες
839 1515 903 1605 ήδη
920 1520 1058 1588 Σκύθαι

10 1650 14 1691 1
62 1616 235 1700 νέμονται,
265 1611 343 1683 ούτε
375 1643 407 1683 τι
438 1621 628 1700 σπείροντες
653 1613 753 1684 οὐδὲν
779 1615 855 1685 ούτε
881 1615 1056 1705 ἀροῦντες·

10 1752 14 1793 f
61 1708 140 1798 ψιλή
157 1713 193 1779 δὲ
207 1713 649 1803 δενδρέωνὴπάσααύτηγή
659 1717 952 1804 πλὴντήςὙλαίης.
975 1719 1008 1782 oc
1020 1714 1057 1781 δὲ

61 1811 204 1896 νομάδες
224 1803 318 1878 οὗτοι
336 1809 373 1879 τό
395 1808 478 1898 πρός
499 1807 561 1898 τὴν
575 1808 625 1898 ήῶ
645 1809 796 1898 ἡμερέων
817 1814 981 1897 τεσσέρων
1002 1813 1056 1877 καὶ

10 1952 12 1991 ;
61 1917 141 1980 δέκα
155 1909 239 1980 ὁδὸν
252 1914 409 1997 νέμονται
423 1911 536 2000 χάρην
556 1918 816 1980 κατατείνουσαν
836 1913 886 1978 ἐπὶ
907 1907 1057 1996 ποταμόν

10 2064 13 2085 ,
39 2025 43 2030 ’
61 2013 198 2096 Γέρρον.
242 2009 357 2095 Πέρην
371 2013 408 2078 δὲ
420 2017 481 2077 τοῦ
495 2014 625 2097 Γέρρον
639 2017 742 2078 ταῦτα
758 2008 797 2096 δὴ
814 2007 853 2075 τά
868 2008 1055 2094 καλεύμενα
1069 2023 1102 2074 20

63 2106 217 2195 βασιλήιά
237 2111 305 2175 ἐστι
328 2109 382 2176 καὶ
402 2108 539 2178 Σκύθαι
566 2114 599 2177 ολ
622 2107 753 2195 ἀρεστοί
773 2134 808 2175 τε
835 2110 888 2174 καὶ
911 2116 1056 2174 πλεῖστοι

10 2254 13 2283 ι
60 2216 115 2279 καὶ
129 2209 208 2288 τούς
224 2207 346 2289 ἀλλους
359 2216 547 2297 νομίζοντες
560 2211 702 2288 Σκύθας
717 2209 859 2288 δούλους
876 2209 1057 2293 σφετέρους

10 2350 13 2375 ι
60 2309 162 2378 εἶναι·
190 2308 371 2395 κατήκουσι
386 2310 427 2376 δὲ·
443 2300 537 2376 οὗτοι
557 2305 593 2376 τό
612 2307 673 2394 μὲν
693 2304 777 2393 πρὸς
796 2310 1003 2392 μεσαμβρίην
1024 2306 1055 2379 ἐς

59 2405 123 2494 τὴν
141 2404 328 2494 Ταυρικήν,
343 2404 381 2475 τό
397 2406 433 2474 δὲ
448 2403 532 2494 πρὸς
548 2403 597 2492 ήῶ
612 2409 667 2472 ἐπί
678 2429 713 2472 τε
727 2403 875 2490 τάφρον,
897 2399 958 2485 τήν
970 2399 1009 2484 δὴ
1024 2403 1058 2465 οί

62 2511 98 2576 ἐκ
113 2513 179 2574 τῶν
198 2514 337 2594 τυφλῶν
356 2506 532 2594 γενόμενοι
554 2505 702 2595 ῶρυξαν,
725 2507 780 2573 καὶ
801 2506 853 2573 ἐπὶ
867 2509 924 2590 τὴς
939 2509 1056 2588 λίμνης

59 2613 117 2692 τῆς
131 2605 316 2693 Μαιήτιδος
336 2605 373 2676 τό
397 2608 574 2695 ἐμπόριον,
596 2605 632 2672 τό
657 2609 806 2675 καλέεται
819 2609 988 2690 Κρημνοί·
1015 2596 1055 2668 τά

59 2707 96 2772 δέ
112 2701 224 2771 αὐτῶν
239 2704 421 2791 κατήκουσι
436 2706 489 2773 ἐπὶ
503 2700 653 2789 ποταμόν
671 2702 805 2770 Τάναϊν.
836 2696 875 2767 τά
897 2701 932 2766 δὲ
953 2698 1056 2766 κατά-

57 2812 166 2886 περθε
186 2800 269 2889 κρός
296 2811 419 2891 βορέην
445 2802 572 2889 ἀνεμον
595 2801 662 2870 τῶν
685 2807 868 2890 βασιληίων
888 2801 1055 2867 Σκυθέων

57 2905 204 2970 οίκεόυσι
220 2901 486 2987 Μελάγχλαινοι,
510 2899 590 2970 ἀλλο
612 2907 712 2979 έθνος
732 2901 786 2965 καὶ
811 2894 852 2964 ού
866 2893 1052 2964 Σκυθικόν.

58 3004 324 3083 Μελαγχλαίνων
338 2999 374 3066 δέ
386 2996 425 3066 τό
444 2999 635 3085 κατύπερθε
649 3003 763 3082 λίμναι
780 2997 834 3062 καὶ
851 2992 972 3079 ἔρημός
987 2994 1054 3058 ἐστι

57 3094 269 3180 ἀνθρώπων,
291 3093 363 3162 κατ’
382 3094 463 3163 ὅσον
484 3092 576 3183 ἡμεῖς
596 3099 700 3180 ἴδμεν.
749 3091 876 3159 Τάναϊν
894 3089 929 3157 δέ
949 3113 1052 3156 ποτα-
1068 3103 1100 3154 21

54 3191 122 3280 μὸν
135 3192 290 3279 διαβάντι
309 3191 420 3261 οὐκέτι
435 3190 609 3278 Σκυθική,
632 3188 706 3258 ἀλλ’
727 3186 748 3275 ἡ
771 3191 833 3274 μέν
853 3187 965 3275 πρῶτη
987 3194 1054 3254 τῶν

55 3299 178 3375 λαξίων
192 3296 442 3380 Σαυροματέων
462 3295 546 3378 ἐστὶ,
570 3298 603 3359 οδ
616 3293 652 3358 ἐκ
672 3296 733 3357 τοῦ
750 3294 858 3374 μυχοῦ
875 3284 1053 3374 ἀρξάμενοι

56 3403 112 3478 τής
127 3390 315 3479 Μαιήτιδος
328 3397 446 3478 λίμνης
462 3395 617 3476 νέμονται
632 3387 667 3455 τό
684 3383 768 3474 πρὸς
784 3390 906 3472 βορέην
923 3384 1073 3462 (imm,
