2354 3840
325 208 410 265 ΗΒ.
442 209 474 263 11.
509 208 607 266 cAP.
639 214 795 270 99-104-
1004 209 1064 272 165

61 352 216 436 Αραβίου
241 346 368 416 κόλπου
394 346 473 427 τούς
504 346 593 433 παρά
615 346 677 435 την
698 347 867 439 Ἐρυθρὴν
886 353 1064 423 θάλασσαν

58 448 322 531 κατοικημένους
332 449 629 534 καταστρέφεσθαι,
639 448 672 524 ἐς
683 444 702 512 ὃ
713 448 868 518 πλάοντά
878 477 937 536 μιν
948 450 1063 537 πρόσω

57 538 243 609 ἀπικέσθαι
267 544 300 621 ἐς
321 543 498 613 θάλασσαν
522 543 632 610 ούκέτι
656 541 790 630 πλωτὴν
805 542 871 613 ύπδ
901 552 1061 635 βραχέων.

56 640 223 706 ἐνθεῦτεν
238 637 274 705 δὲ
295 636 340 718 ὡς
359 637 465 708 ὀπίσω
482 637 618 707 ἀπίκετο
633 639 666 717 ἐς
680 648 871 728 Αίγυπτον,
898 642 981 712 κατά
994 652 1063 713 τῶν

55 738 160 825 ι’ρέων
180 735 243 826 τὴν
266 739 369 824 φάτιν
385 737 543 826 στρατιὴν
565 735 694 824 πολλὴν
717 738 831 827 λαβοδυ
854 740 979 830 ἤλαυνε
1007 742 1061 812 διά

54 843 115 925 τῆς
131 834 292 924 ἠπείρου,
319 844 386 905 πάν
402 843 503 916 ἐθνος
521 834 559 904 τδ
574 833 728 921 ἐμποδοδν
743 839 1060 927 καταστρεφόμενος.

56 934 181 1005 ὁτέοισι
197 938 259 1022 μέν
273 961 340 1003 νυν
354 934 466 1004 αὐτῶν
483 931 648 1019 ἀλκίμοισι
664 935 860 1021 ἐνετύγχανε
875 939 927 1005 καὶ
944 943 1062 1018 δεινῶς

54 1035 283 1119 γλιχομένοισι
297 1035 373 1120 περὶ
392 1039 449 1119 τῆς
464 1036 674 1117 ἐλευθερίης,
699 1033 846 1100 τούτοισι
861 1034 923 1119 μὲν
941 1035 1062 1123 στήλας

55 1132 170 1196 ένίστα
186 1131 219 1208 ἐς
232 1126 290 1208 τάς
305 1129 413 1218 χώρας
426 1127 481 1197 διά
494 1130 696 1216 γραμμάτων
706 1130 868 1215 λεγούσας
880 1131 919 1201 τό
930 1159 965 1200 τε
976 1136 1060 1200 ἑωυ-

54 1232 118 1294 τοῦ
136 1225 264 1312 ούνομα
286 1229 414 1315 καὶτῆς
433 1227 575 1314 πάτρης,
597 1229 651 1294 καὶ
670 1225 713 1305 ὡς
733 1228 856 1313 δυνάμι
877 1236 917 1317 τῇ
934 1232 1061 1297 ἐαυτοῦ

55 1322 302 1410 κατεστρέψατό
326 1345 445 1411 σφεας·
478 1323 582 1392 ὁτέων
603 1324 639 1391 δὲ
664 1322 802 1410 ἀμαχητὶ
824 1326 878 1393 καί
900 1323 1061 1404 εύπετέως

55 1422 226 1509 παρέλαβε
242 1420 301 1502 τάς
316 1423 428 1507 πόλις,
443 1422 590 1490 τούτοισι
606 1420 641 1488 δέ
658 1423 821 1508 ἐνέγραφε
838 1424 875 1489 ἐν
890 1430 963 1511 τῇσι
980 1423 1060 1509 στή-

56 1529 134 1609 λησι
150 1518 233 1588 κατά
247 1519 351 1589 ταύτά
368 1525 422 1589 καὶ
436 1536 519 1589 τοῖσι
535 1518 721 1606 ἀνδρηίοισι
735 1526 803 1587 τῶν
819 1523 948 1590 ἐθνέων
961 1548 1065 1608 γενο-·

56 1619 205 1702 μένοισι,
220 1621 275 1686 καὶ
289 1617 329 1705 δὴ
346 1622 400 1687 καὶ
412 1623 520 1687 αίδοῖα
530 1616 691 1705 γυναικός
701 1624 962 1710 προσενέγραφε,
976 1626 1059 1709 δῆλα

55 1716 264 1804 βουλόμενος
284 1721 427 1805 ποιέειν,
451 1716 495 1796 ὡς
520 1728 636 1805 είησαν
660 1714 842 1799 ἀνάλκιδες.
891 1721 1058 1789 Ταύταδὲ
1077 1732 1126 1787 103

55 1817 183 1883 ποιέων
198 1815 317 1903 διεξήιε
333 1814 395 1904 τὴν
413 1815 569 1902 ἤπειρον,
598 1818 631 1893 ἐς
652 1813 721 1881 δέκ
741 1823 798 1902 τῆς
818 1814 926 1904 Ἀοίης
946 1821 978 1896 ἐς
998 1815 1060 1904 τὴν

57 1911 229 1998 Εὐρώπην
254 1910 372 2001 διαβάς
395 1915 475 1992 τούς
506 1939 540 1981 τε
565 1912 707 1990 Σκύθας
733 1918 973 2000 κατεστρέψατο
1005 1917 1058 1980 καὶ

55 2010 137 2090 τούς
152 2009 307 2098 Θρήικας.
343 2014 376 2091 ἐς
391 2010 531 2088 τούτους
552 2013 591 2078 δέ
602 2034 658 2095 μοι
673 2011 780 2077 δοκέει
796 2014 849 2079 καὶ
864 2010 1058 2098 προσώτατα

56 2110 239 2180 ἀπικέσθαι
255 2104 272 2177 ό
290 2108 474 2194 Αἰγύπτιος
489 2109 635 2196 στρατός.
670 2109 707 2174 έν
721 2111 782 2193 μὲν
796 2105 860 2196 γάρ
874 2117 913 2198 τῇ
928 2109 1058 2176 τούτων

55 2208 149 2297 χύρη
167 2211 343 2293 φαίνονται
359 2215 531 2274 σταθεῖσαι
547 2211 583 2272 αλ
600 2210 732 2291 στῆλαι,
754 2202 792 2273 τό
808 2205 844 2273 δέ
859 2208 1057 2294 προσωτέρω

55 2305 187 2375 τούτων
201 2299 321 2372 ούκέτι.
353 2304 513 2370 ἐνθεῦτεν
528 2305 564 2370 δὲ
585 2304 781 2389 ἐπιστρέψας
795 2299 900 2370 ὀπίσω
914 2301 981 2393 ἤϊε,
1004 2306 1057 2370 καί

56 2406 168 2470 ἐπείτε
194 2400 322 2485 ἐγένετο
337 2401 389 2468 ἐπὶ
404 2397 492 2466 Φάσι
513 2405 666 2488 ποταμῷ,
690 2396 752 2465 ούκ
767 2405 829 2483 ε”χω
843 2399 880 2466 τό
897 2403 1058 2468 ἐνθεῦτεν

55 2496 219 2583 ἀτρεκέως
234 2501 355 2581 εἰπεῖν,
377 2503 442 2564 είτε
452 2492 552 2572 αύτός
568 2493 585 2561 ὁ
601 2493 758 2579 βασιλεύς
769 2497 958 2583 Σέσωστρις
972 2492 1057 2564 ἀπο-

55 2591 243 2677 δασάμενος
258 2598 316 2677 τῆς
340 2593 468 2659 ἑαυτοῦ
490 2598 642 2678 στρατιῆς
665 2590 786 2677 μόριον
807 2589 929 2681 ὁσονδη
952 2593 1056 2662 αὐτοῦ

54 2695 209 2764 κατέλιπε
222 2698 280 2778 τῆς
293 2691 402 2778 χόρης
416 2692 607 2778 οἰκήτορας,
629 2699 693 2757 είτε
710 2696 778 2756 τῶν
797 2692 884 2771 τινὲς
897 2712 1058 2780 στρατιω-

55 2792 140 2858 τέων
155 2794 194 2878 τῇ
209 2789 320 2877 πλάνη
336 2783 440 2854 αύτού
456 2784 678 2872 ἀχθεσθέντες
694 2788 768 2874 περὶ
784 2795 894 2856 Φᾶσιν
907 2787 1058 2874 ποταμὸν

55 2893 263 2977 κατέμειναν.
305 2893 488 2956 Φαίνονται
505 2889 567 2971 μὲν
587 2884 652 2973 γάρ
670 2886 780 2964 ἐόντες
801 2894 834 2956 oc
852 2887 975 2973 Κόλχοι
993 2891 1058 2953 Ac·
1075 2902 1125 2956 104

54 2988 206 3074 γύπτιοι·
238 2983 362 3072 νοήσας
382 2982 419 3049 δέ
442 2982 607 3071 πρότερον
627 2980 763 3070 αύτδςῆ
783 2981 930 3062 ἀκούσας
944 2981 1056 3051 ἀλλων

53 3088 150 3171 λέγω.
186 3078 230 3160 ὡς
246 3083 285 3149 δέ
297 3105 353 3167 μοι
368 3082 405 3148 ἐν
419 3084 572 3166 φροντίδι
588 3083 734 3167 ἐγένετο,
758 3080 895 3168 εἰρόμην
910 3079 1057 3168 ἀμφοτέ-

54 3207 154 3267 ρους,
177 3180 232 3246 καὶ
248 3184 376 3264 μᾶλλον
397 3182 431 3246 οί
443 3176 565 3263 Κόλχοι
587 3180 764 3264 ἐμεμνέατο
780 3185 847 3247 τῶν
861 3184 1056 3266 Αἰγυπτίων

53 3277 75 3367 ἦ
88 3283 123 3348 οί
135 3275 314 3362 Αἰγύπτιοι
329 3281 397 3343 τῶν
411 3274 559 3360 Κόλχων.
593 3282 739 3363 νομίζειν
755 3272 786 3342 δ’
804 3281 933 3363 ἔφασαν
946 3276 1055 3365 Αίγύ-

53 3400 144 3445 πτιοι
174 3380 232 3460 τῆς
255 3371 465 3459 Σεσόστριος
489 3380 642 3459 στρατιῆς
667 3370 751 3440 εἶναι
784 3371 864 3453 τούς
888 3375 1054 3460 Κόλχους·
