<?xml version="1.0" encoding="UTF-8"?>
<!DOCTYPE html PUBLIC "-//W3C//DTD XHTML 1.0 Transitional//EN"
    "http://www.w3.org/TR/xhtml1/DTD/xhtml1-transitional.dtd">
<html xmlns="http://www.w3.org/1999/xhtml" xml:lang="en" lang="en">
 <head>
  <title>
</title>
<meta http-equiv="Content-Type" content="text/html;charset=utf-8" />
  <meta name='ocr-system' content='tesseract 3.04.00' />
  <meta name='ocr-capabilities' content='ocr_page ocr_carea ocr_par ocr_line ocrx_word'/>
</head>
<body>
  <div class='ocr_page' id='page_1' title='image "./herodotihistori03herogoog_0022.png"; bbox 0 0 2354 3840; ppageno 0'>
   <div class='ocr_carea' id='block_1_1' title="bbox 339 225 1060 291">
    <p class='ocr_par' dir='ltr' id='par_1_1' title="bbox 339 225 1060 291">
     <span class='ocr_line' id='line_1_1' title="bbox 339 225 1060 291; baseline 0.011 -10"><span class='ocrx_word' id='word_1_1' title='bbox 339 225 422 282; x_wconf 80' lang='grc' dir='ltr'><strong><em>ΗΒ.</em></strong></span> <span class='ocrx_word' id='word_1_2' title='bbox 455 228 476 283; x_wconf 92' lang='grc' dir='ltr'><strong><em>Ι.</em></strong></span> <span class='ocrx_word' id='word_1_3' title='bbox 510 226 608 285; x_wconf 77' lang='grc' dir='ltr'><strong><em>ΟΑΡ.</em></strong></span> <span class='ocrx_word' id='word_1_4' title='bbox 641 234 783 289; x_wconf 69' lang='lat'><strong>29-32.</strong></span> <span class='ocrx_word' id='word_1_5' title='bbox 1020 227 1060 291; x_wconf 81' lang='lat'><strong><em>15</em></strong></span> 
     </span>
    </p>
   </div>
   <div class='ocr_carea' id='block_1_2' title="bbox 10 381 1098 2925">
    <p class='ocr_par' dir='ltr' id='par_1_2' title="bbox 10 381 1098 2925">
     <span class='ocr_line' id='line_1_2' title="bbox 10 381 1060 474; baseline -0.001 -19"><span class='ocrx_word' id='word_1_6' title='bbox 10 386 17 455; x_wconf 69' lang='grc' dir='ltr'><strong><em>’ἕ</em></strong></span> <span class='ocrx_word' id='word_1_7' title='bbox 51 384 139 471; x_wconf 81' lang='grc' dir='ltr'><strong><em>τάτη</em></strong></span> <span class='ocrx_word' id='word_1_8' title='bbox 154 385 343 470; x_wconf 79' lang='grc' dir='ltr'><strong><em>ἐπεγίνετο·</em></strong></span> <span class='ocrx_word' id='word_1_9' title='bbox 366 383 548 470; x_wconf 72' lang='grc' dir='ltr'><strong><em>γενομένης</em></strong></span> <span class='ocrx_word' id='word_1_10' title='bbox 562 381 627 472; x_wconf 81' lang='grc' dir='ltr'><strong><em>γάρ</em></strong></span> <span class='ocrx_word' id='word_1_11' title='bbox 639 381 844 472; x_wconf 73' lang='grc' dir='ltr'><strong><em>Ἀθηναίοισι</em></strong></span> <span class='ocrx_word' id='word_1_12' title='bbox 858 385 962 473; x_wconf 88' lang='grc' dir='ltr'><strong><em>μάχης</em></strong></span> <span class='ocrx_word' id='word_1_13' title='bbox 976 384 1060 474; x_wconf 82' lang='grc' dir='ltr'><strong><em>πρὸς</em></strong></span> 
     </span>
     <span class='ocr_line' id='line_1_3' title="bbox 10 478 1060 571; baseline -0.001 -20"><span class='ocrx_word' id='word_1_14' title='bbox 10 480 13 565; x_wconf 70' lang='grc' dir='ltr'><strong><em>ζ</em></strong></span> <span class='ocrx_word' id='word_1_15' title='bbox 53 483 137 562; x_wconf 78' lang='grc' dir='ltr'><strong><em>τούς</em></strong></span> <span class='ocrx_word' id='word_1_16' title='bbox 151 478 388 570; x_wconf 74' lang='grc' dir='ltr'><strong><em>ἀστυγείτονας</em></strong></span> <span class='ocrx_word' id='word_1_17' title='bbox 411 484 449 549; x_wconf 80' lang='grc' dir='ltr'><strong><em>ἐν</em></strong></span> <span class='ocrx_word' id='word_1_18' title='bbox 460 479 622 551; x_wconf 76' lang='grc' dir='ltr'><strong><em>Ἐλευσῖνι</em></strong></span> <span class='ocrx_word' id='word_1_19' title='bbox 660 481 820 569; x_wconf 82' lang='grc' dir='ltr'><strong><em>βωθήσας</em></strong></span> <span class='ocrx_word' id='word_1_20' title='bbox 857 486 912 552; x_wconf 80' lang='grc' dir='ltr'><strong><em>καὶ</em></strong></span> <span class='ocrx_word' id='word_1_21' title='bbox 930 482 1060 571; x_wconf 81' lang='grc' dir='ltr'><strong><em>τροπήν</em></strong></span> 
     </span>
     <span class='ocr_line' id='line_1_4' title="bbox 10 578 1059 669; baseline -0.005 -14"><span class='ocrx_word' id='word_1_22' title='bbox 10 650 12 655; x_wconf 88' lang='grc'><em>,</em></span> <span class='ocrx_word' id='word_1_23' title='bbox 53 581 200 669; x_wconf 89' lang='grc' dir='ltr'><strong><em>ποιήσας</em></strong></span> <span class='ocrx_word' id='word_1_24' title='bbox 212 588 281 650; x_wconf 82' lang='grc' dir='ltr'><strong><em>τῶν</em></strong></span> <span class='ocrx_word' id='word_1_25' title='bbox 295 587 463 667; x_wconf 86' lang='grc' dir='ltr'><strong><em>πολεμίων</em></strong></span> <span class='ocrx_word' id='word_1_26' title='bbox 476 578 628 650; x_wconf 81' lang='grc' dir='ltr'><strong><em>ἀπόθανε</em></strong></span> <span class='ocrx_word' id='word_1_27' title='bbox 638 583 807 669; x_wconf 85' lang='grc' dir='ltr'><strong><em>κάλλιστα,</em></strong></span> <span class='ocrx_word' id='word_1_28' title='bbox 822 590 881 652; x_wconf 87' lang='grc' dir='ltr'><strong><em>καί</em></strong></span> <span class='ocrx_word' id='word_1_29' title='bbox 887 611 946 669; x_wconf 90' lang='grc' dir='ltr'><strong><em>μιν</em></strong></span> <span class='ocrx_word' id='word_1_30' title='bbox 957 581 1059 669; x_wconf 85' lang='grc' dir='ltr'><strong><em>Ἀθη-</em></strong></span> 
     </span>
     <span class='ocr_line' id='line_1_5' title="bbox 10 677 1058 768; baseline 0.001 -21"><span class='ocrx_word' id='word_1_31' title='bbox 10 716 12 721; x_wconf 87' lang='grc'><strong><em>·</em></strong></span> <span class='ocrx_word' id='word_1_32' title='bbox 55 693 149 748; x_wconf 73' lang='grc' dir='ltr'><strong><em>ναῖοι</em></strong></span> <span class='ocrx_word' id='word_1_33' title='bbox 166 682 308 767; x_wconf 83' lang='grc' dir='ltr'><strong><em>δημοσίῃ</em></strong></span> <span class='ocrx_word' id='word_1_34' title='bbox 324 704 360 747; x_wconf 87' lang='grc' dir='ltr'><strong><em>τε</em></strong></span> <span class='ocrx_word' id='word_1_35' title='bbox 376 685 511 761; x_wconf 72' lang='grc' dir='ltr'><strong><em>ἔθαψαν</em></strong></span> <span class='ocrx_word' id='word_1_36' title='bbox 524 677 647 766; x_wconf 74' lang='grc' dir='ltr'><strong><em>αὐτοῦ,</em></strong></span> <span class='ocrx_word' id='word_1_37' title='bbox 669 685 775 768; x_wconf 84' lang='grc' dir='ltr'><strong><em>τῆπερ</em></strong></span> <span class='ocrx_word' id='word_1_38' title='bbox 794 688 906 768; x_wconf 73' lang='grc' dir='ltr'><strong><em>ἔπεσε,</em></strong></span> <span class='ocrx_word' id='word_1_39' title='bbox 924 684 1058 750; x_wconf 74' lang='grc' dir='ltr'><strong><em>καὶ-ἐτί-</em></strong></span> 
     </span>
     <span class='ocr_line' id='line_1_6' title="bbox 52 774 1098 866; baseline 0.006 -24"><span class='ocrx_word' id='word_1_40' title='bbox 52 796 170 863; x_wconf 86' lang='grc' dir='ltr'><strong><em>μησαν</em></strong></span> <span class='ocrx_word' id='word_1_41' title='bbox 188 776 348 863; x_wconf 79' lang='grc' dir='ltr'><strong><em>μεγάλως.</em></strong></span> <span class='ocrx_word' id='word_1_42' title='bbox 378 774 437 857; x_wconf 83' lang='grc' dir='ltr'><strong><em>Ὡς</em></strong></span> <span class='ocrx_word' id='word_1_43' title='bbox 460 775 496 846; x_wconf 65' lang='grc' dir='ltr'><strong><em>δὲ</em></strong></span> <span class='ocrx_word' id='word_1_44' title='bbox 518 775 559 846; x_wconf 81' lang='grc' dir='ltr'><strong><em>τά</em></strong></span> <span class='ocrx_word' id='word_1_45' title='bbox 581 775 665 845; x_wconf 87' lang='grc' dir='ltr'><strong><em>κατά</em></strong></span> <span class='ocrx_word' id='word_1_46' title='bbox 685 776 746 846; x_wconf 85' lang='grc' dir='ltr'><strong><em>τόν</em></strong></span> <span class='ocrx_word' id='word_1_47' title='bbox 763 781 887 848; x_wconf 74' lang='grc' dir='ltr'><strong><em>Τέλλον</em></strong></span> <span class='ocrx_word' id='word_1_48' title='bbox 901 780 1098 866; x_wconf 73' lang='grc' dir='ltr'><strong><em>προετρέ-ει</em></strong></span> 
     </span>
     <span class='ocr_line' id='line_1_7' title="bbox 54 871 1057 963; baseline -0.002 -20"><span class='ocrx_word' id='word_1_49' title='bbox 54 888 144 956; x_wconf 83' lang='grc' dir='ltr'><strong><em>ψατο</em></strong></span> <span class='ocrx_word' id='word_1_50' title='bbox 168 871 186 942; x_wconf 86' lang='grc' dir='ltr'>ὁ</span> <span class='ocrx_word' id='word_1_51' title='bbox 202 874 326 944; x_wconf 85' lang='grc' dir='ltr'><strong><em>Σόλων</em></strong></span> <span class='ocrx_word' id='word_1_52' title='bbox 346 873 407 944; x_wconf 85' lang='grc' dir='ltr'><strong><em>τόν</em></strong></span> <span class='ocrx_word' id='word_1_53' title='bbox 422 883 572 960; x_wconf 74' lang='grc' dir='ltr'><strong><em>Κροῖσον</em></strong></span> <span class='ocrx_word' id='word_1_54' title='bbox 593 886 687 956; x_wconf 71' lang='grc' dir='ltr'><strong><em>εἴπας</em></strong></span> <span class='ocrx_word' id='word_1_55' title='bbox 705 878 813 945; x_wconf 91' lang='grc' dir='ltr'><strong><em>πολλά</em></strong></span> <span class='ocrx_word' id='word_1_56' title='bbox 832 879 936 945; x_wconf 78' lang='grc' dir='ltr'><strong><em>τεκαὶ</em></strong></span> <span class='ocrx_word' id='word_1_57' title='bbox 950 875 1057 963; x_wconf 84' lang='grc' dir='ltr'><strong><em>ὄλβια,</em></strong></span> 
     </span>
     <span class='ocr_line' id='line_1_8' title="bbox 26 972 1058 1065; baseline 0.005 -24"><span class='ocrx_word' id='word_1_58' title='bbox 26 1036 31 1041; x_wconf 92' lang='grc'><strong><em>.</em></strong></span> <span class='ocrx_word' id='word_1_59' title='bbox 55 974 231 1063; x_wconf 74' lang='grc' dir='ltr'><strong><em>ἐπειρώτα,</em></strong></span> <span class='ocrx_word' id='word_1_60' title='bbox 245 982 321 1044; x_wconf 88' lang='grc' dir='ltr'><strong><em>τίνα</em></strong></span> <span class='ocrx_word' id='word_1_61' title='bbox 331 973 492 1061; x_wconf 87' lang='grc' dir='ltr'><strong><em>δεύτερον</em></strong></span> <span class='ocrx_word' id='word_1_62' title='bbox 500 972 566 1061; x_wconf 89' lang='grc' dir='ltr'><strong><em>μετ’</em></strong></span> <span class='ocrx_word' id='word_1_63' title='bbox 577 978 706 1043; x_wconf 78' lang='grc' dir='ltr'><strong><em>ἐκείνου</em></strong></span> <span class='ocrx_word' id='word_1_64' title='bbox 720 979 796 1060; x_wconf 83' lang='grc' dir='ltr'><strong><em>ίδοι,</em></strong></span> <span class='ocrx_word' id='word_1_65' title='bbox 810 978 936 1046; x_wconf 83' lang='grc' dir='ltr'><strong><em>δοκέων</em></strong></span> <span class='ocrx_word' id='word_1_66' title='bbox 949 978 1058 1065; x_wconf 89' lang='grc' dir='ltr'><strong><em>πάγχυ</em></strong></span> 
     </span>
     <span class='ocr_line' id='line_1_9' title="bbox 52 1073 1059 1165; baseline 0.001 -21"><span class='ocrx_word' id='word_1_67' title='bbox 52 1073 234 1165; x_wconf 88' lang='grc' dir='ltr'><strong><em>δευτερήια</em></strong></span> <span class='ocrx_word' id='word_1_68' title='bbox 259 1079 330 1160; x_wconf 74' lang='grc' dir='ltr'><strong><em>γοῦν</em></strong></span> <span class='ocrx_word' id='word_1_69' title='bbox 357 1085 517 1144; x_wconf 73' lang='grc' dir='ltr'><strong><em>οἴσεσθαι.</em></strong></span> <span class='ocrx_word' id='word_1_70' title='bbox 565 1073 645 1143; x_wconf 75' lang='grc' dir='ltr'><strong><em>δδὲ</em></strong></span> <span class='ocrx_word' id='word_1_71' title='bbox 668 1074 753 1143; x_wconf 82' lang='grc' dir='ltr'><strong><em>εἷπε·</em></strong></span> <span class='ocrx_word' id='word_1_72' title='bbox 778 1079 921 1164; x_wconf 83' lang='grc' dir='ltr'><strong><em>Κλέοβίν</em></strong></span> <span class='ocrx_word' id='word_1_73' title='bbox 944 1105 979 1145; x_wconf 85' lang='grc' dir='ltr'><strong><em>τε</em></strong></span> <span class='ocrx_word' id='word_1_74' title='bbox 1003 1079 1059 1145; x_wconf 79' lang='grc' dir='ltr'><strong><em>καὶ</em></strong></span> 
     </span>
     <span class='ocr_line' id='line_1_10' title="bbox 56 1167 1058 1257; baseline -0.005 -18"><span class='ocrx_word' id='word_1_75' title='bbox 56 1176 197 1241; x_wconf 83' lang='grc' dir='ltr'><strong><em>Βίτωνα.</em></strong></span> <span class='ocrx_word' id='word_1_76' title='bbox 236 1171 385 1238; x_wconf 89' lang='grc' dir='ltr'><strong><em>τούτοισι</em></strong></span> <span class='ocrx_word' id='word_1_77' title='bbox 406 1170 472 1257; x_wconf 85' lang='grc' dir='ltr'><strong><em>γάρ</em></strong></span> <span class='ocrx_word' id='word_1_78' title='bbox 495 1174 589 1238; x_wconf 82' lang='grc' dir='ltr'><strong><em>ἐοῦσι</em></strong></span> <span class='ocrx_word' id='word_1_79' title='bbox 612 1172 709 1256; x_wconf 81' lang='grc' dir='ltr'><strong><em>γένος</em></strong></span> <span class='ocrx_word' id='word_1_80' title='bbox 729 1167 904 1256; x_wconf 75' lang='grc' dir='ltr'><strong><em>Ἀργείοισι</em></strong></span> <span class='ocrx_word' id='word_1_81' title='bbox 930 1175 1002 1256; x_wconf 81' lang='grc' dir='ltr'><strong><em>βίος</em></strong></span> <span class='ocrx_word' id='word_1_82' title='bbox 1022 1193 1058 1234; x_wconf 88' lang='grc' dir='ltr'><strong><em>τε</em></strong></span> 
     </span>
     <span class='ocr_line' id='line_1_11' title="bbox 21 1258 1057 1356; baseline -0.009 -17"><span class='ocrx_word' id='word_1_83' title='bbox 21 1266 25 1271; x_wconf 71' lang='grc'><strong>’</strong></span> <span class='ocrx_word' id='word_1_84' title='bbox 53 1267 189 1352; x_wconf 75' lang='grc' dir='ltr'><strong><em>ἀρκέων</em></strong></span> <span class='ocrx_word' id='word_1_85' title='bbox 216 1264 306 1354; x_wconf 83' lang='grc' dir='ltr'><strong><em>ὑπῆν</em></strong></span> <span class='ocrx_word' id='word_1_86' title='bbox 331 1269 386 1335; x_wconf 81' lang='grc' dir='ltr'><strong><em>καὶ</em></strong></span> <span class='ocrx_word' id='word_1_87' title='bbox 412 1264 496 1354; x_wconf 81' lang='grc' dir='ltr'><strong><em>πρὸς</em></strong></span> <span class='ocrx_word' id='word_1_88' title='bbox 515 1267 624 1356; x_wconf 80' lang='grc' dir='ltr'><strong><em>τούτω</em></strong></span> <span class='ocrx_word' id='word_1_89' title='bbox 642 1258 737 1353; x_wconf 78' lang='grc' dir='ltr'><strong><em>ῥύμῃ</em></strong></span> <span class='ocrx_word' id='word_1_90' title='bbox 757 1265 907 1352; x_wconf 71' lang='grc' dir='ltr'><strong><em>στόματος</em></strong></span> <span class='ocrx_word' id='word_1_91' title='bbox 929 1264 1057 1350; x_wconf 79' lang='grc' dir='ltr'><strong><em>τοιήδε·</em></strong></span> 
     </span>
     <span class='ocr_line' id='line_1_12' title="bbox 54 1356 1059 1451; baseline -0.004 -16"><span class='ocrx_word' id='word_1_92' title='bbox 54 1363 267 1449; x_wconf 80' lang='grc' dir='ltr'><strong><em>ἀεθλοφόροι</em></strong></span> <span class='ocrx_word' id='word_1_93' title='bbox 282 1390 318 1431; x_wconf 90' lang='grc' dir='ltr'><strong><em>τε</em></strong></span> <span class='ocrx_word' id='word_1_94' title='bbox 337 1362 523 1451; x_wconf 87' lang='grc' dir='ltr'><strong><em>ἀμφότεροι</em></strong></span> <span class='ocrx_word' id='word_1_95' title='bbox 543 1362 666 1451; x_wconf 85' lang='grc' dir='ltr'><strong><em>ὁμοίως</em></strong></span> <span class='ocrx_word' id='word_1_96' title='bbox 681 1356 785 1451; x_wconf 78' lang='grc' dir='ltr'><strong><em>ἦσαν,</em></strong></span> <span class='ocrx_word' id='word_1_97' title='bbox 809 1365 864 1431; x_wconf 84' lang='grc' dir='ltr'><strong><em>καὶ</em></strong></span> <span class='ocrx_word' id='word_1_98' title='bbox 879 1360 919 1451; x_wconf 88' lang='grc' dir='ltr'><strong><em>δή</em></strong></span> <span class='ocrx_word' id='word_1_99' title='bbox 934 1365 988 1431; x_wconf 79' lang='grc' dir='ltr'><strong><em>καί</em></strong></span> <span class='ocrx_word' id='word_1_100' title='bbox 1003 1362 1059 1431; x_wconf 87' lang='grc' dir='ltr'><strong><em>λε’-</em></strong></span> 
     </span>
     <span class='ocr_line' id='line_1_13' title="bbox 54 1458 1056 1551; baseline -0.004 -19"><span class='ocrx_word' id='word_1_101' title='bbox 54 1489 151 1551; x_wconf 84' lang='grc' dir='ltr'><strong><em>γεται</em></strong></span> <span class='ocrx_word' id='word_1_102' title='bbox 173 1461 233 1530; x_wconf 84' lang='grc' dir='ltr'><strong><em>ὅδε</em></strong></span> <span class='ocrx_word' id='word_1_103' title='bbox 251 1459 276 1531; x_wconf 86' lang='grc' dir='ltr'><strong><em>ὁ·</em></strong></span> <span class='ocrx_word' id='word_1_104' title='bbox 287 1461 403 1550; x_wconf 86' lang='grc' dir='ltr'><strong><em>λόγος·</em></strong></span> <span class='ocrx_word' id='word_1_105' title='bbox 432 1463 553 1550; x_wconf 79' lang='grc' dir='ltr'><strong><em>ἐούσης</em></strong></span> <span class='ocrx_word' id='word_1_106' title='bbox 566 1460 665 1550; x_wconf 89' lang='grc' dir='ltr'><strong><em>όρτῆς</em></strong></span> <span class='ocrx_word' id='word_1_107' title='bbox 681 1469 721 1551; x_wconf 85' lang='grc' dir='ltr'><strong><em>τῆ</em></strong></span> <span class='ocrx_word' id='word_1_108' title='bbox 733 1459 820 1550; x_wconf 84' lang='grc' dir='ltr'><strong><em>Ἥρη</em></strong></span> <span class='ocrx_word' id='word_1_109' title='bbox 834 1475 919 1530; x_wconf 78' lang='grc' dir='ltr'><strong><em>τοῖσι</em></strong></span> <span class='ocrx_word' id='word_1_110' title='bbox 932 1458 1056 1548; x_wconf 85' lang='grc' dir='ltr'><strong><em>Ἀργεί-</em></strong></span> 
     </span>
     <span class='ocr_line' id='line_1_14' title="bbox 54 1559 1059 1650; baseline -0.005 -20"><span class='ocrx_word' id='word_1_111' title='bbox 54 1581 127 1630; x_wconf 92' lang='grc' dir='ltr'><strong><em>οισι</em></strong></span> <span class='ocrx_word' id='word_1_112' title='bbox 147 1565 218 1631; x_wconf 74' lang='grc' dir='ltr'><strong><em>ἔδεε</em></strong></span> <span class='ocrx_word' id='word_1_113' title='bbox 233 1561 366 1641; x_wconf 89' lang='grc' dir='ltr'><strong><em>πάντως</em></strong></span> <span class='ocrx_word' id='word_1_114' title='bbox 382 1559 445 1649; x_wconf 84' lang='grc' dir='ltr'><strong><em>τήν</em></strong></span> <span class='ocrx_word' id='word_1_115' title='bbox 462 1565 586 1650; x_wconf 77' lang='grc' dir='ltr'><strong><em>μητέρα</em></strong></span> <span class='ocrx_word' id='word_1_116' title='bbox 601 1560 712 1629; x_wconf 76' lang='grc' dir='ltr'><strong><em>αὐτῶν</em></strong></span> <span class='ocrx_word' id='word_1_117' title='bbox 728 1561 836 1649; x_wconf 70' lang='grc' dir='ltr'><strong><em>ζεύγεϊ</em></strong></span> <span class='ocrx_word' id='word_1_118' title='bbox 855 1567 1059 1648; x_wconf 84' lang='grc' dir='ltr'><strong><em>κομισθῆναι</em></strong></span> 
     </span>
     <span class='ocr_line' id='line_1_15' title="bbox 54 1659 1058 1751; baseline -0.008 -17"><span class='ocrx_word' id='word_1_119' title='bbox 54 1667 92 1744; x_wconf 75' lang='grc' dir='ltr'><strong><em>ἐς</em></strong></span> <span class='ocrx_word' id='word_1_120' title='bbox 108 1660 147 1732; x_wconf 86' lang='grc' dir='ltr'><strong><em>τό</em></strong></span> <span class='ocrx_word' id='word_1_121' title='bbox 163 1659 250 1750; x_wconf 86' lang='grc' dir='ltr'><strong><em>ίρόν,</em></strong></span> <span class='ocrx_word' id='word_1_122' title='bbox 265 1666 299 1730; x_wconf 80' lang='grc' dir='ltr'><strong><em>ολ</em></strong></span> <span class='ocrx_word' id='word_1_123' title='bbox 311 1664 351 1730; x_wconf 79' lang='grc' dir='ltr'><strong><em>δέ</em></strong></span> <span class='ocrx_word' id='word_1_124' title='bbox 362 1682 423 1747; x_wconf 88' lang='grc' dir='ltr'><strong><em>σφι</em></strong></span> <span class='ocrx_word' id='word_1_125' title='bbox 438 1663 515 1750; x_wconf 81' lang='grc' dir='ltr'><strong><em>βόες</em></strong></span> <span class='ocrx_word' id='word_1_126' title='bbox 532 1665 568 1731; x_wconf 77' lang='grc' dir='ltr'><strong><em>ἐκ</em></strong></span> <span class='ocrx_word' id='word_1_127' title='bbox 585 1669 646 1731; x_wconf 86' lang='grc' dir='ltr'><strong><em>τοῦ</em></strong></span> <span class='ocrx_word' id='word_1_128' title='bbox 662 1661 770 1751; x_wconf 81' lang='grc' dir='ltr'><strong><em>ἀγροῦ</em></strong></span> <span class='ocrx_word' id='word_1_129' title='bbox 785 1660 828 1730; x_wconf 87' lang='grc' dir='ltr'><strong><em>ού</em></strong></span> <span class='ocrx_word' id='word_1_130' title='bbox 837 1667 1058 1750; x_wconf 86' lang='grc' dir='ltr'><strong><em>παρεγίνοντο</em></strong></span> 
     </span>
     <span class='ocr_line' id='line_1_16' title="bbox 53 1757 1059 1852; baseline -0.009 -18"><span class='ocrx_word' id='word_1_131' title='bbox 53 1770 97 1835; x_wconf 78' lang='grc' dir='ltr'><strong><em>ἐν</em></strong></span> <span class='ocrx_word' id='word_1_132' title='bbox 115 1761 201 1852; x_wconf 72' lang='grc' dir='ltr'><strong><em>ὥρῃ·</em></strong></span> <span class='ocrx_word' id='word_1_133' title='bbox 230 1762 460 1849; x_wconf 77' lang='grc' dir='ltr'><strong><em>ἐκκληιόμενοι</em></strong></span> <span class='ocrx_word' id='word_1_134' title='bbox 481 1761 518 1830; x_wconf 71' lang='grc' dir='ltr'><strong><em>δὲ</em></strong></span> <span class='ocrx_word' id='word_1_135' title='bbox 538 1768 579 1851; x_wconf 85' lang='grc' dir='ltr'><strong><em>τῆ</em></strong></span> <span class='ocrx_word' id='word_1_136' title='bbox 594 1760 664 1851; x_wconf 75' lang='grc' dir='ltr'><strong><em>ὥρῃ</em></strong></span> <span class='ocrx_word' id='word_1_137' title='bbox 679 1766 714 1830; x_wconf 84' lang='grc' dir='ltr'><strong><em>οί</em></strong></span> <span class='ocrx_word' id='word_1_138' title='bbox 727 1767 856 1848; x_wconf 83' lang='grc' dir='ltr'><strong><em>νεηνίαι</em></strong></span> <span class='ocrx_word' id='word_1_139' title='bbox 873 1757 1059 1837; x_wconf 80' lang='grc' dir='ltr'><strong><em>ὑποδύντες</em></strong></span> 
     </span>
     <span class='ocr_line' id='line_1_17' title="bbox 53 1855 1059 1947; baseline -0.011 -14"><span class='ocrx_word' id='word_1_140' title='bbox 53 1859 156 1933; x_wconf 77' lang='grc' dir='ltr'><strong><em>αὐτοὶ</em></strong></span> <span class='ocrx_word' id='word_1_141' title='bbox 182 1857 248 1929; x_wconf 81' lang='grc' dir='ltr'><strong><em>ὑπὸ</em></strong></span> <span class='ocrx_word' id='word_1_142' title='bbox 275 1858 339 1946; x_wconf 88' lang='grc' dir='ltr'><strong><em>τήν</em></strong></span> <span class='ocrx_word' id='word_1_143' title='bbox 364 1860 505 1947; x_wconf 77' lang='grc' dir='ltr'><strong><em>ζεύγλην</em></strong></span> <span class='ocrx_word' id='word_1_144' title='bbox 530 1855 642 1928; x_wconf 82' lang='grc' dir='ltr'><strong><em>εἷλκον</em></strong></span> <span class='ocrx_word' id='word_1_145' title='bbox 666 1856 728 1947; x_wconf 86' lang='grc' dir='ltr'><strong><em>τήν</em></strong></span> <span class='ocrx_word' id='word_1_146' title='bbox 752 1858 898 1945; x_wconf 80' lang='grc' dir='ltr'><strong><em>ἅμαξαν,</em></strong></span> <span class='ocrx_word' id='word_1_147' title='bbox 925 1859 978 1925; x_wconf 80' lang='grc' dir='ltr'><strong><em>ἐπὶ</em></strong></span> <span class='ocrx_word' id='word_1_148' title='bbox 1002 1862 1059 1941; x_wconf 90' lang='grc' dir='ltr'><strong><em>τῆς</em></strong></span> 
     </span>
     <span class='ocr_line' id='line_1_18' title="bbox 56 1955 1059 2050; baseline -0.006 -20"><span class='ocrx_word' id='word_1_149' title='bbox 56 1961 187 2050; x_wconf 77' lang='grc' dir='ltr'><strong><em>ἁμάξης</em></strong></span> <span class='ocrx_word' id='word_1_150' title='bbox 207 1961 246 2028; x_wconf 87' lang='grc' dir='ltr'><strong><em>δί</em></strong></span> <span class='ocrx_word' id='word_1_151' title='bbox 262 1978 324 2046; x_wconf 93' lang='grc' dir='ltr'><strong><em>σφι</em></strong></span> <span class='ocrx_word' id='word_1_152' title='bbox 345 1955 460 2045; x_wconf 77' lang='grc' dir='ltr'><strong><em>ὠχέετο</em></strong></span> <span class='ocrx_word' id='word_1_153' title='bbox 477 1957 499 2046; x_wconf 80' lang='grc' dir='ltr'><em>ἡ</em></span> <span class='ocrx_word' id='word_1_154' title='bbox 520 1959 641 2047; x_wconf 82' lang='grc' dir='ltr'><strong><em>μήτηρ,</em></strong></span> <span class='ocrx_word' id='word_1_155' title='bbox 669 1964 823 2037; x_wconf 87' lang='grc' dir='ltr'><strong><em>σταδίους</em></strong></span> <span class='ocrx_word' id='word_1_156' title='bbox 843 1957 880 2025; x_wconf 74' lang='grc' dir='ltr'><strong><em>δὲ</em></strong></span> <span class='ocrx_word' id='word_1_157' title='bbox 893 1959 990 2026; x_wconf 79' lang='grc' dir='ltr'><strong><em>πέντε</em></strong></span> <span class='ocrx_word' id='word_1_158' title='bbox 1005 1959 1059 2024; x_wconf 81' lang='grc' dir='ltr'><strong><em>καὶ</em></strong></span> 
     </span>
     <span class='ocr_line' id='line_1_19' title="bbox 54 2052 1059 2144; baseline -0.009 -14"><span class='ocrx_word' id='word_1_159' title='bbox 54 2055 301 2141; x_wconf 86' lang='grc' dir='ltr'><strong><em>τεσσεράκοντα</em></strong></span> <span class='ocrx_word' id='word_1_160' title='bbox 316 2062 567 2144; x_wconf 84' lang='grc' dir='ltr'><strong><em>διακομίσαντες</em></strong></span> <span class='ocrx_word' id='word_1_161' title='bbox 581 2056 739 2125; x_wconf 81' lang='grc' dir='ltr'><strong><em>ἀπίκοντο</em></strong></span> <span class='ocrx_word' id='word_1_162' title='bbox 754 2057 787 2135; x_wconf 77' lang='grc' dir='ltr'><strong><em>ἐς</em></strong></span> <span class='ocrx_word' id='word_1_163' title='bbox 801 2052 838 2123; x_wconf 82' lang='grc' dir='ltr'><strong><em>τὸ</em></strong></span> <span class='ocrx_word' id='word_1_164' title='bbox 850 2054 934 2142; x_wconf 81' lang='grc' dir='ltr'><strong><em>ἱρόν.</em></strong></span> <span class='ocrx_word' id='word_1_165' title='bbox 956 2061 1059 2122; x_wconf 85' lang='grc' dir='ltr'><strong><em>ταῦτα</em></strong></span> 
     </span>
     <span class='ocr_line' id='line_1_20' title="bbox 54 2148 1059 2242; baseline -0.008 -16"><span class='ocrx_word' id='word_1_166' title='bbox 54 2159 101 2226; x_wconf 83' lang='grc' dir='ltr'><strong><em>δέ</em></strong></span> <span class='ocrx_word' id='word_1_167' title='bbox 108 2175 169 2242; x_wconf 89' lang='grc' dir='ltr'><strong><em>σφι</em></strong></span> <span class='ocrx_word' id='word_1_168' title='bbox 179 2152 337 2241; x_wconf 79' lang='grc' dir='ltr'><strong><em>ποιήσασι</em></strong></span> <span class='ocrx_word' id='word_1_169' title='bbox 347 2156 401 2222; x_wconf 82' lang='grc' dir='ltr'><strong><em>καὶ</em></strong></span> <span class='ocrx_word' id='word_1_170' title='bbox 412 2151 550 2239; x_wconf 76' lang='grc' dir='ltr'><strong><em>όφθελσι</em></strong></span> <span class='ocrx_word' id='word_1_171' title='bbox 561 2151 626 2222; x_wconf 85' lang='grc' dir='ltr'><strong><em>ὑπό</em></strong></span> <span class='ocrx_word' id='word_1_172' title='bbox 640 2161 696 2240; x_wconf 88' lang='grc' dir='ltr'><strong><em>τῆς</em></strong></span> <span class='ocrx_word' id='word_1_173' title='bbox 707 2152 913 2240; x_wconf 83' lang='grc' dir='ltr'><strong><em>πανηγύριος</em></strong></span> <span class='ocrx_word' id='word_1_174' title='bbox 922 2148 1059 2237; x_wconf 84' lang='grc' dir='ltr'><strong><em>τελευτή</em></strong></span> 
     </span>
     <span class='ocr_line' id='line_1_21' title="bbox 54 2246 1058 2355; baseline -0.009 -31"><span class='ocrx_word' id='word_1_175' title='bbox 54 2262 123 2324; x_wconf 82' lang='grc' dir='ltr'><strong><em>τοῦ</em></strong></span> <span class='ocrx_word' id='word_1_176' title='bbox 146 2259 223 2341; x_wconf 78' lang='grc' dir='ltr'><strong><em>βίον</em></strong></span> <span class='ocrx_word' id='word_1_177' title='bbox 250 2249 367 2355; x_wconf 64' lang='grc' dir='ltr'><strong><em>ἀρίστη</em></strong></span> <span class='ocrx_word' id='word_1_178' title='bbox 391 2254 581 2338; x_wconf 78' lang='grc' dir='ltr'><strong><em>ἐπεγίνετο,</em></strong></span> <span class='ocrx_word' id='word_1_179' title='bbox 607 2255 733 2331; x_wconf 81' lang='grc' dir='ltr'><strong><em>διέδεξέ</em></strong></span> <span class='ocrx_word' id='word_1_180' title='bbox 755 2277 792 2318; x_wconf 92' lang='grc' dir='ltr'><strong><em>τε</em></strong></span> <span class='ocrx_word' id='word_1_181' title='bbox 813 2253 851 2318; x_wconf 81' lang='grc' dir='ltr'><strong><em>ἐν</em></strong></span> <span class='ocrx_word' id='word_1_182' title='bbox 870 2249 1018 2319; x_wconf 86' lang='grc' dir='ltr'><strong><em>τούτοισι</em></strong></span> <span class='ocrx_word' id='word_1_183' title='bbox 1041 2246 1058 2315; x_wconf 90' lang='grc' dir='ltr'>ὁ</span> 
     </span>
     <span class='ocr_line' id='line_1_22' title="bbox 54 2340 1060 2440; baseline -0.006 -19"><span class='ocrx_word' id='word_1_184' title='bbox 54 2348 159 2437; x_wconf 76' lang='grc' dir='ltr'><strong><em>θεὸς,</em></strong></span> <span class='ocrx_word' id='word_1_185' title='bbox 185 2347 230 2429; x_wconf 78' lang='grc' dir='ltr'><strong><em>ὡς</em></strong></span> <span class='ocrx_word' id='word_1_186' title='bbox 256 2348 395 2436; x_wconf 78' lang='grc' dir='ltr'><strong><em>άμεινον</em></strong></span> <span class='ocrx_word' id='word_1_187' title='bbox 423 2359 473 2435; x_wconf 84' lang='grc' dir='ltr'><strong><em>είη</em></strong></span> <span class='ocrx_word' id='word_1_188' title='bbox 501 2347 673 2440; x_wconf 76' lang='grc' dir='ltr'><strong><em>ἀνθρώπῳ</em></strong></span> <span class='ocrx_word' id='word_1_189' title='bbox 697 2348 862 2418; x_wconf 77' lang='grc' dir='ltr'><strong><em>τεθνάναι</em></strong></span> <span class='ocrx_word' id='word_1_190' title='bbox 886 2340 1060 2435; x_wconf 83' lang='grc' dir='ltr'><strong><em>μᾶλλονή</em></strong></span> 
     </span>
     <span class='ocr_line' id='line_1_23' title="bbox 57 2443 1061 2534; baseline -0.01 -16"><span class='ocrx_word' id='word_1_191' title='bbox 57 2448 167 2532; x_wconf 71' lang='grc' dir='ltr'><strong><em>ζώειν.</em></strong></span> <span class='ocrx_word' id='word_1_192' title='bbox 191 2446 347 2533; x_wconf 68' lang='grc' dir='ltr'><strong><em>Ι*Ἀργεῖοι</em></strong></span> <span class='ocrx_word' id='word_1_193' title='bbox 368 2447 430 2534; x_wconf 71' lang='grc' dir='ltr'><strong><em>μὲν</em></strong></span> <span class='ocrx_word' id='word_1_194' title='bbox 450 2443 516 2534; x_wconf 85' lang='grc' dir='ltr'><strong><em>γάρ</em></strong></span> <span class='ocrx_word' id='word_1_195' title='bbox 539 2446 755 2532; x_wconf 87' lang='grc' dir='ltr'><strong><em>περιστάντες</em></strong></span> <span class='ocrx_word' id='word_1_196' title='bbox 775 2445 972 2533; x_wconf 76' lang='grc' dir='ltr'><strong><em>ἐμακάριζον</em></strong></span> <span class='ocrx_word' id='word_1_197' title='bbox 992 2450 1061 2511; x_wconf 76' lang='grc' dir='ltr'><strong><em>τῶν</em></strong></span> 
     </span>
     <span class='ocr_line' id='line_1_24' title="bbox 56 2539 1060 2632; baseline -0.006 -18"><span class='ocrx_word' id='word_1_198' title='bbox 56 2547 222 2632; x_wconf 78' lang='grc' dir='ltr'><strong><em>νεηνιέων</em></strong></span> <span class='ocrx_word' id='word_1_199' title='bbox 236 2541 298 2632; x_wconf 85' lang='grc' dir='ltr'><strong><em>τήν</em></strong></span> <span class='ocrx_word' id='word_1_200' title='bbox 314 2543 446 2632; x_wconf 75' lang='grc' dir='ltr'><strong><em>ῥύμην,</em></strong></span> <span class='ocrx_word' id='word_1_201' title='bbox 469 2548 506 2612; x_wconf 84' lang='grc' dir='ltr'><strong><em>αί</em></strong></span> <span class='ocrx_word' id='word_1_202' title='bbox 518 2543 555 2612; x_wconf 71' lang='grc' dir='ltr'><strong><em>δὲ</em></strong></span> <span class='ocrx_word' id='word_1_203' title='bbox 565 2541 709 2629; x_wconf 78' lang='grc' dir='ltr'><strong><em>Ἀργεῖαι</em></strong></span> <span class='ocrx_word' id='word_1_204' title='bbox 723 2541 784 2632; x_wconf 87' lang='grc' dir='ltr'><strong><em>τήν</em></strong></span> <span class='ocrx_word' id='word_1_205' title='bbox 800 2545 923 2631; x_wconf 80' lang='grc' dir='ltr'><strong><em>μητέρα</em></strong></span> <span class='ocrx_word' id='word_1_206' title='bbox 936 2539 1060 2628; x_wconf 78' lang='grc' dir='ltr'><strong><em>αὐτῶν,</em></strong></span> 
     </span>
     <span class='ocr_line' id='line_1_25' title="bbox 57 2639 1061 2731; baseline -0.005 -18"><span class='ocrx_word' id='word_1_207' title='bbox 57 2648 145 2714; x_wconf 78' lang='grc' dir='ltr'><strong><em>οἴων</em></strong></span> <span class='ocrx_word' id='word_1_208' title='bbox 164 2646 291 2711; x_wconf 78' lang='grc' dir='ltr'><strong><em>τέκνων</em></strong></span> <span class='ocrx_word' id='word_1_209' title='bbox 310 2643 460 2731; x_wconf 71' lang='grc' dir='ltr'><strong><em>ἐκύρησε.</em></strong></span> <span class='ocrx_word' id='word_1_210' title='bbox 492 2642 513 2730; x_wconf 86' lang='grc' dir='ltr'><strong><em>ή</em></strong></span> <span class='ocrx_word' id='word_1_211' title='bbox 530 2642 567 2711; x_wconf 69' lang='grc' dir='ltr'><strong><em>δὲ</em></strong></span> <span class='ocrx_word' id='word_1_212' title='bbox 581 2643 688 2731; x_wconf 89' lang='grc' dir='ltr'><strong><em>μήτηρ</em></strong></span> <span class='ocrx_word' id='word_1_213' title='bbox 704 2639 883 2728; x_wconf 88' lang='grc' dir='ltr'><strong><em>περιχαρής</em></strong></span> <span class='ocrx_word' id='word_1_214' title='bbox 899 2645 1001 2710; x_wconf 77' lang='grc' dir='ltr'><strong><em>ἐοῦσα</em></strong></span> <span class='ocrx_word' id='word_1_215' title='bbox 1015 2646 1061 2729; x_wconf 77' lang='grc' dir='ltr'><strong><em>τῷ</em></strong></span> 
     </span>
     <span class='ocr_line' id='line_1_26' title="bbox 55 2736 1062 2830; baseline -0.005 -20"><span class='ocrx_word' id='word_1_216' title='bbox 55 2767 95 2811; x_wconf 90' lang='grc' dir='ltr'><strong><em>τε</em></strong></span> <span class='ocrx_word' id='word_1_217' title='bbox 117 2745 203 2830; x_wconf 80' lang='grc' dir='ltr'><strong><em>ἔργω</em></strong></span> <span class='ocrx_word' id='word_1_218' title='bbox 223 2741 279 2808; x_wconf 80' lang='grc' dir='ltr'><strong><em>καὶ</em></strong></span> <span class='ocrx_word' id='word_1_219' title='bbox 301 2747 341 2830; x_wconf 86' lang='grc' dir='ltr'><strong><em>τῆ</em></strong></span> <span class='ocrx_word' id='word_1_220' title='bbox 363 2741 458 2829; x_wconf 89' lang='grc' dir='ltr'><strong><em>φήμῃ</em></strong></span> <span class='ocrx_word' id='word_1_221' title='bbox 478 2747 582 2807; x_wconf 82' lang='grc' dir='ltr'><strong><em>στᾶσα</em></strong></span> <span class='ocrx_word' id='word_1_222' title='bbox 596 2738 713 2809; x_wconf 90' lang='grc' dir='ltr'><strong><em>ἀντίον</em></strong></span> <span class='ocrx_word' id='word_1_223' title='bbox 726 2746 786 2813; x_wconf 83' lang='grc' dir='ltr'><strong><em>τοῦ</em></strong></span> <span class='ocrx_word' id='word_1_224' title='bbox 802 2737 989 2824; x_wconf 85' lang='grc' dir='ltr'><strong><em>ἀγάλματος</em></strong></span> <span class='ocrx_word' id='word_1_225' title='bbox 1003 2736 1062 2805; x_wconf 82' lang='grc' dir='ltr'><strong><em>εύ-</em></strong></span> 
     </span>
     <span class='ocr_line' id='line_1_27' title="bbox 57 2835 1064 2925; baseline -0.007 -18"><span class='ocrx_word' id='word_1_226' title='bbox 57 2863 152 2925; x_wconf 87' lang='grc' dir='ltr'><strong><em>χετο,</em></strong></span> <span class='ocrx_word' id='word_1_227' title='bbox 175 2835 301 2923; x_wconf 78' lang='grc' dir='ltr'><strong><em>Κλεόβι</em></strong></span> <span class='ocrx_word' id='word_1_228' title='bbox 321 2862 357 2905; x_wconf 89' lang='grc' dir='ltr'><strong><em>τε</em></strong></span> <span class='ocrx_word' id='word_1_229' title='bbox 380 2839 436 2906; x_wconf 84' lang='grc' dir='ltr'><strong><em>καὶ</em></strong></span> <span class='ocrx_word' id='word_1_230' title='bbox 449 2843 574 2906; x_wconf 86' lang='grc' dir='ltr'><strong><em>Βίτωνι</em></strong></span> <span class='ocrx_word' id='word_1_231' title='bbox 593 2851 679 2906; x_wconf 72' lang='grc' dir='ltr'><strong><em>τοῖσι</em></strong></span> <span class='ocrx_word' id='word_1_232' title='bbox 700 2837 824 2922; x_wconf 81' lang='grc' dir='ltr'><strong><em>ἑωυτῆς</em></strong></span> <span class='ocrx_word' id='word_1_233' title='bbox 842 2839 1004 2920; x_wconf 80' lang='grc' dir='ltr'><strong><em>τέκνοισι,</em></strong></span> <span class='ocrx_word' id='word_1_234' title='bbox 1029 2836 1064 2901; x_wconf 77' lang='grc' dir='ltr'><strong><em>οἵ</em></strong></span> 
     </span>
    </p>
   </div>
   <div class='ocr_carea' id='block_1_3' title="bbox 10 3026 1108 3513">
    <p class='ocr_par' dir='ltr' id='par_1_3' title="bbox 57 3026 1063 3318">
     <span class='ocr_line' id='line_1_28' title="bbox 57 3026 1063 3117; baseline -0.004 -16"><span class='ocrx_word' id='word_1_235' title='bbox 57 3043 174 3117; x_wconf 81' lang='grc' dir='ltr'><strong><em>τυχείν</em></strong></span> <span class='ocrx_word' id='word_1_236' title='bbox 184 3028 324 3117; x_wconf 80' lang='grc' dir='ltr'><strong><em>ἀρεστόν</em></strong></span> <span class='ocrx_word' id='word_1_237' title='bbox 335 3034 412 3100; x_wconf 80' lang='grc' dir='ltr'><strong><em>ἐστι.</em></strong></span> <span class='ocrx_word' id='word_1_238' title='bbox 439 3027 522 3117; x_wconf 83' lang='grc' dir='ltr'><strong><em>μετά</em></strong></span> <span class='ocrx_word' id='word_1_239' title='bbox 537 3031 663 3117; x_wconf 89' lang='grc' dir='ltr'><strong><em>ταύτην</em></strong></span> <span class='ocrx_word' id='word_1_240' title='bbox 677 3029 713 3098; x_wconf 74' lang='grc' dir='ltr'><strong><em>δὲ</em></strong></span> <span class='ocrx_word' id='word_1_241' title='bbox 729 3027 792 3117; x_wconf 86' lang='grc' dir='ltr'><strong><em>τήν</em></strong></span> <span class='ocrx_word' id='word_1_242' title='bbox 807 3027 909 3117; x_wconf 82' lang='grc' dir='ltr'><strong><em>εύχῆν</em></strong></span> <span class='ocrx_word' id='word_1_243' title='bbox 924 3026 968 3109; x_wconf 79' lang='grc' dir='ltr'><strong><em>ὡς</em></strong></span> <span class='ocrx_word' id='word_1_244' title='bbox 979 3037 1063 3098; x_wconf 80' lang='grc' dir='ltr'><strong><em>ἔθν-</em></strong></span> 
     </span>
     <span class='ocr_line' id='line_1_29' title="bbox 59 3125 1063 3219; baseline -0.002 -23"><span class='ocrx_word' id='word_1_245' title='bbox 59 3127 128 3196; x_wconf 84' lang='grc' dir='ltr'><strong><em>σάν</em></strong></span> <span class='ocrx_word' id='word_1_246' title='bbox 145 3152 180 3194; x_wconf 86' lang='grc' dir='ltr'><strong><em>τε</em></strong></span> <span class='ocrx_word' id='word_1_247' title='bbox 194 3129 249 3194; x_wconf 86' lang='grc' dir='ltr'><strong><em>καὶ</em></strong></span> <span class='ocrx_word' id='word_1_248' title='bbox 267 3125 504 3216; x_wconf 80' lang='grc' dir='ltr'><strong><em>εὐωχήθησαν,</em></strong></span> <span class='ocrx_word' id='word_1_249' title='bbox 532 3130 833 3214; x_wconf 85' lang='grc' dir='ltr'><strong><em>κατακοιμηθέντες</em></strong></span> <span class='ocrx_word' id='word_1_250' title='bbox 853 3130 890 3195; x_wconf 80' lang='grc' dir='ltr'><strong><em>ἐν</em></strong></span> <span class='ocrx_word' id='word_1_251' title='bbox 912 3125 1002 3219; x_wconf 78' lang='grc' dir='ltr'><strong><em>αὐτῷ</em></strong></span> <span class='ocrx_word' id='word_1_252' title='bbox 1017 3135 1063 3218; x_wconf 76' lang='grc' dir='ltr'><strong><em>τῷ</em></strong></span> 
     </span>
     <span class='ocr_line' id='line_1_30' title="bbox 58 3223 1063 3318; baseline -0.003 -22"><span class='ocrx_word' id='word_1_253' title='bbox 58 3231 124 3318; x_wconf 74' lang='grc' dir='ltr'><strong><em>ι’ρῷ</em></strong></span> <span class='ocrx_word' id='word_1_254' title='bbox 144 3230 179 3294; x_wconf 88' lang='grc' dir='ltr'><strong><em>οί</em></strong></span> <span class='ocrx_word' id='word_1_255' title='bbox 199 3233 328 3313; x_wconf 87' lang='grc' dir='ltr'><strong><em>νεηνίαι</em></strong></span> <span class='ocrx_word' id='word_1_256' title='bbox 348 3223 460 3297; x_wconf 77' lang='grc' dir='ltr'><strong><em>ούκὲτι</em></strong></span> <span class='ocrx_word' id='word_1_257' title='bbox 476 3225 679 3315; x_wconf 84' lang='grc' dir='ltr'><strong><em>ἀνέστησαν,</em></strong></span> <span class='ocrx_word' id='word_1_258' title='bbox 701 3223 769 3295; x_wconf 91' lang='grc' dir='ltr'><strong><em>ἀλλ’</em></strong></span> <span class='ocrx_word' id='word_1_259' title='bbox 792 3229 830 3294; x_wconf 83' lang='grc' dir='ltr'><strong><em>ἐν</em></strong></span> <span class='ocrx_word' id='word_1_260' title='bbox 849 3229 935 3294; x_wconf 82' lang='grc' dir='ltr'><strong><em>τέλελ</em></strong></span> <span class='ocrx_word' id='word_1_261' title='bbox 956 3225 1063 3316; x_wconf 84' lang='grc' dir='ltr'><strong><em>τοότφ</em></strong></span> 
     </span>
    </p>

    <p class='ocr_par' dir='ltr' id='par_1_4' title="bbox 10 3322 1065 3417">
     <span class='ocr_line' id='line_1_31' title="bbox 10 3322 1065 3417; baseline -0.004 -19"><span class='ocrx_word' id='word_1_262' title='bbox 10 3410 12 3415; x_wconf 35' lang='grc'><strong><em>,</em></strong></span> <span class='ocrx_word' id='word_1_263' title='bbox 62 3335 207 3415; x_wconf 80' lang='grc' dir='ltr'><strong><em>ἔσχοντο.</em></strong></span> <span class='ocrx_word' id='word_1_264' title='bbox 245 3325 384 3415; x_wconf 79' lang='grc' dir='ltr'><strong><em>Ἀργελοι</em></strong></span> <span class='ocrx_word' id='word_1_265' title='bbox 404 3333 444 3398; x_wconf 75' lang='grc' dir='ltr'><strong><em>δέ</em></strong></span> <span class='ocrx_word' id='word_1_266' title='bbox 461 3350 576 3417; x_wconf 90' lang='grc' dir='ltr'><strong><em>σφεων</em></strong></span> <span class='ocrx_word' id='word_1_267' title='bbox 596 3329 726 3407; x_wconf 71' lang='grc' dir='ltr'><strong><em>εἰκόνας</em></strong></span> <span class='ocrx_word' id='word_1_268' title='bbox 747 3326 966 3415; x_wconf 88' lang='grc' dir='ltr'><strong><em>ποιησάμενοι</em></strong></span> <span class='ocrx_word' id='word_1_269' title='bbox 985 3322 1065 3394; x_wconf 80' lang='grc' dir='ltr'><strong><em>ἀνί-</em></strong></span> 
     </span>
    </p>

    <p class='ocr_par' dir='ltr' id='par_1_5' title="bbox 14 3419 1108 3513">
     <span class='ocr_line' id='line_1_32' title="bbox 14 3419 1108 3513; baseline -0.004 -22"><span class='ocrx_word' id='word_1_270' title='bbox 14 3478 17 3483; x_wconf 92' lang='grc'><strong><em>.</em></strong></span> <span class='ocrx_word' id='word_1_271' title='bbox 63 3434 172 3491; x_wconf 88' lang='grc' dir='ltr'><strong><em>θεσαν</em></strong></span> <span class='ocrx_word' id='word_1_272' title='bbox 185 3426 218 3503; x_wconf 79' lang='grc' dir='ltr'><strong><em>ἐς</em></strong></span> <span class='ocrx_word' id='word_1_273' title='bbox 229 3422 385 3510; x_wconf 81' lang='grc' dir='ltr'><strong><em>Δελφούς</em></strong></span> <span class='ocrx_word' id='word_1_274' title='bbox 400 3422 444 3504; x_wconf 79' lang='grc' dir='ltr'><strong><em>ὡς</em></strong></span> <span class='ocrx_word' id='word_1_275' title='bbox 458 3424 592 3509; x_wconf 80' lang='grc' dir='ltr'><strong><em>ἀνδρῶν</em></strong></span> <span class='ocrx_word' id='word_1_276' title='bbox 607 3425 751 3509; x_wconf 86' lang='grc' dir='ltr'><strong><em>ἀρίστων</em></strong></span> <span class='ocrx_word' id='word_1_277' title='bbox 766 3425 966 3513; x_wconf 79' lang='grc' dir='ltr'><strong><em>γενομένων.</em></strong></span> <span class='ocrx_word' id='word_1_278' title='bbox 993 3419 1063 3488; x_wconf 87' lang='grc' dir='ltr'><strong><em>Σό-</em></strong></span> <span class='ocrx_word' id='word_1_279' title='bbox 1074 3422 1108 3473; x_wconf 70' lang='lat'><strong><em>32</em></strong></span> 
     </span>
    </p>
   </div>
   <div class='ocr_carea' id='block_1_4' title="bbox 0 0 1190 3840">
    <p class='ocr_par' dir='ltr' id='par_1_6' title="bbox 0 0 1190 3840">
     <span class='ocr_line' id='line_1_33' title="bbox 0 0 1190 3840; baseline 0 0"><span class='ocrx_word' id='word_1_280' title='bbox 0 0 1190 3840; x_wconf 95' lang='lat' dir='ltr'><strong><em> </em></strong></span> 
     </span>
    </p>
   </div>
  </div>
 </body>
</html>
