2354 3840
139 195 182 258 68
527 201 777 258 HERODOTI

139 363 207 469 τῶν
217 355 343 445 ἡλίκων
356 355 584 447 ἀνδρειοτάτῳ
598 383 655 423 και
644 356 933 448 προσφιλεστάτῳ
947 358 1145 457 προσεκέεττ·

140 457 344 544 οἎρπαγος
357 463 448 543 δῶρα
461 461 623 576 πέμπων,
647 463 805 523 τίσασθαι
822 451 1007 539 Ἀστυάγεα
1023 442 1151 537 ἐπιδυ-Ι

139 553 284 642 μέων.’
265 551 319 624 απ’
335 559 463 625 ἑωυτοῦ
472 581 538 642 γαρ
550 554 689 633 έοντος
674 553 813 622 ἰδιώτεω
824 578 890 623 ουκ
900 555 1029 640 ενεωρα
1042 576 1137 639 τιμο-

138 663 217 775 ρίην
236 656 399 741 ἐσομένην
417 657 450 732 ές
467 651 665 738 Ἀστυάγεα,
687 660 806 771 Κῦρον
825 656 862 721 δὲ
882 649 993 737 ὁρέων
1015 652 1150 733 έπετρε.

138 752 291 839 φάμενον
318 755 463 820 ἐποιέετο
488 751 682 838 σύμμαχον,
717 749 776 829 τάς
800 749 916 830 πάθας
939 747 1001 828 τάς
1025 747 1137 835 K6(m

95 857 212 955 ιητῇσι
235 853 362 918 ἑαυτοῦ
390 848 638 937 ὁμοιεύμενοςμ
658 847 774 937 πρδδ’
797 855 845 918 ἔτι
863 848 991 918 τούτου
1012 846 1141 916 τάδεοί.

88 956 97 983 ²
137 953 359 1034 κατέργαστο·
403 949 519 1028 ἐόντος
548 955 610 1017 τοῦ
631 945 830 1068 Ἀστυάγεος
852 953 978 1033 πικροῦ
1004 947 1040 1025 ές
1067 940 1138 1025 τοδς

137 1048 297 1136 Μήδους,
321 1056 520 1135 συμμίσγων
542 1051 592 1116 ἑνὶ
606 1043 766 1136 έκάστῳ’
751 1071 770 1114 ο
784 1043 956 1133 ’Ἅρπαγος
967 1069 1039 1112 των
1052 1039 1138 1129 πρά·

136 1170 204 1212 των
221 1142 352 1230 Μήδαν
372 1142 548 1230 ἀνέπειθε,
563 1142 617 1222 7ὡς
637 1170 698 1228 χρη
687 1140 832 1226 Κῦρον
847 1144 1137 1227 προστησαμένους

134 1241 320 1330 Ἀστυάγεα
337 1249 464 1312 παῦσαι
480 1246 539 1329 τῆς
557 1248 739 1328 βασιληίης.
774 1241 1047 1327 κατεργασμένου
1062 1240 1103 1309 δέ
1109 1240 1137 1307 οί
1171 1315 1172 1320 1

135 1344 258 1413 τούτου
285 1344 384 1412 καὶ’
369 1343 480 1421 εόντος
506 1344 654 1428 ἑτοίμου,
688 1339 775 1408 οὕτω
799 1339 839 1425 δὴ
863 1367 909 1430 τῳ
898 1338 1037 1431 Κάρῳ
1055 1344 1134 1409 διαι-
1172 1401 1173 1406 ,

136 1446 281 1536 τεομένῳ
309 1445 347 1511 έν
372 1444 522 1531 Πέρσησι
552 1437 801 1528 βουλόμενος
785 1467 803 1508 ο
826 1437 997 1529 ’Ἅρπαγος
1030 1442 1135 1527 δηλό·
1172 1449 1173 1456 ’

137 1563 193 1610 σαι
207 1540 270 1627 την
285 1541 413 1607 ἑαυτοῦ
427 1543 568 1629 γνάμην
608 1542 717 1623 ἀλλοις
736 1545 800 1631 μὲν
821 1542 977 1630 οὐδαμῶς
998 1540 1108 1628 είχε”
1085 1564 1136 1609 ατε

136 1648 204 1709 τῶν
230 1637 321 1708 ὁδῶν
346 1641 671 1728 φυλασσομένων,’
656 1669 675 1711 ο
697 1644 733 1712 δέ
758 1647 967 1730 ἐπιτεχνᾶται
990 1640 1135 1711 τοιόνδε·

137 1738 242 1824 λαγὸν
265 1738 558 1827 μηχανησάμενος,
580 1743 635 1808 καί
656 1741 835 1829 ἀνασχίσας
855 1741 980 1809 τούτου
1002 1737 1068 1827 τὴν
1080 1762 1136 1824 γα·

136 1841 235 1922 στέρα
258 1840 313 1905 καὶ
334 1835 435 1906 οὐδὲν
453 1836 627 1924 ἀποτίλας,
656 1838 701 1918 69
722 1842 758 1908 δέ
779 1836 860 1926 εἶχε,
886 1837 975 1907 οὕτω
1000 1841 1136 1923 ἐσέθηκα

136 1940 288 2021 βιβλίον,
309 1934 443 2021 γράψας
461 1937 503 2002 τά
519 1942 553 2004 oc
566 1937 696 2004 ἐδόκεε·
726 1935 927 2026 ἀπορράψας
942 1939 985 2017 ,δὲ
1003 1941 1068 2003 τοῦ
1080 1942 1136 2003 λα-

98 2059 101 2063 ·
135 2039 199 2119 γοῦ
212 2028 274 2118 τὴν
287 2036 448 2118 γαστέρα,
471 2037 525 2100 καί
540 2039 658 2102 δίκτυα
673 2033 754 2114 δυάς
767 2033 826 2102 ἀτε
839 2040 991 2122 θηρευτῇ
1005 2037 1077 2101 τῶν
1090 2035 1135 2105 θί-

135 2135 258 2198 κετέων
272 2135 318 2218 τῷ
333 2130 530 2222 πιστοτάτῳ,
546 2129 718 2200 ἀπέστειλε
733 2134 767 2210 ἐς
781 2130 862 2210 τούς
873 2135 1019 2219 Πέρσας,
1035 2135 1134 2201 έντει·

133 2226 278 2313 λάμενός
304 2232 338 2294 oc
364 2224 430 2294 ἀπδ
456 2228 632 2315 γλώσσης,
655 2229 793 2297 διδόντα
819 2228 880 2298 τὸν
905 2230 1011 2319 λαγὸν
1035 2231 1133 2321 Κάρμ

134 2327 298 2408 ἐπειπεῖν,
324 2322 514 2413 αὐτοχειρίη
538 2353 598 2412 μιν
619 2331 742 2395 διελεῖν
763 2330 819 2395 καὶ
839 2332 967 2415 μηδένα
989 2334 1025 2398 oc
1036 2334 1131 2399 ταῦτα

67 2438 117 2491 124
132 2427 284 2490 ποιεῦντι
305 2437 469 2506 παρεῖναι.
519 2423 631 2491 Ταῦτά
651 2450 686 2490 τε
708 2417 800 2543 δη
771 2452 821 2492 εον
835 2429 984 2495 ἐπιτελέα
999 2430 1129 2515 ἐγένετο,

132 2521 188 2588 καὶ
202 2515 220 2586 ὀ
235 2526 349 2607 Κῦρος
363 2520 569 2609 παραλαβὼν
585 2520 646 2590 τὸν
660 2521 799 2609 λαγόν’
780 2526 941 2610 ανέσχισε.
976 2524 1128 2616 εδράνδδ

132 2620 170 2686 έν
196 2616 287 2709 αάτῳ
312 2615 349 2685 τὸ
379 2627 511 2706 βιβλίον
539 2620 636 2690 ένεόν
663 2619 777 2708 λαβών
806 2627 987 2710 ἐπελέγετο.
1034 2624 1128 2695 τάδδ

132 2715 310 2803 γράμματα
325 2721 418 2836 ἔλεγε
431 2715 528 2786 τάδε·
560 2714 599 2787 Ὦ
613 2735 674 2788 παῖ
688 2723 894 2810 Καμβύσεω,
916 2728 954 2793 σδ
975 2724 1044 2814 γάρ
1061 2720 1128 2795 θέυδ

132 2814 329 2898 έπορὲουσι,
357 2810 398 2878 οὐ
419 2812 485 2902 γάρ
507 2814 550 2884 ἀν
570 2843 647 2886 κοτε
668 2822 701 2898 ές
719 2827 861 2890 τοσοῦτο
880 2822 982 2912 τάχης
1003 2822 1127 2945 ἀπίκευ,

132 2909 177 2978 σά
193 2937 259 2976 νυν
270 2907 451 2998 Ἀστυάγεα
472 2911 533 2982 τδν
549 2924 700 2985 σεωυτοῦ
714 2922 822 3005 φονέα
835 2936 933 2990 τῖσαι.
973 2949 1061 2992 κατα
1048 2922 1127 3011 μδ·

130 3006 196 3096 γάρ
211 3036 273 3096 την
286 3011 411 3079 τούτου
424 3023 622 3103 προθυμίην
635 3015 863 3105 τέθνηκας,
826 3043 865 3087 το
881 3020 918 3088 δέ
932 3018 1018 3089 κατά
1031 3018 1164 3097 θευάε

129 3132 166 3174 τε
183 3134 238 3174 και
228 3110 307 3193 έμδ
324 3118 456 3197 περίεις.
486 3112 527 3181 τά
542 3134 579 3181 σε
592 3119 648 3183 καὶ
668 3115 771 3184 πάλαι
785 3120 892 3185 δοκέω
911 3117 1023 3189 πάντα
1037 3122 1125 3207 &apr
1163 3109 1165 3180 6

129 3207 319 3328 μαθηκέναι
332 3211 389 3276 σέο
403 3236 439 3278 τε
454 3210 560 3279 αὐτοῦ
575 3217 668 3335 πέρι,
684 3213 729 3293 69
744 3213 914 3302 ἐπρήχθη,
930 3219 987 3285 καί
1000 3212 1057 3288 066
1069 3210 1126 3305 M
1163 3213 1166 3260 δ

130 3301 197 3372 ὑπὸ
215 3303 411 3394 Αστναγεος
422 3313 638 3397 πέπονθα,
617 3339 668 3380 οτι
690 3334 728 3382 σε
749 3313 812 3382 οὐκ
832 3311 1045 3405 ἀπέκτεινα,
1050 3310 1126 3387 ἀλδδ
1160 3311 1162 3362 6

60 3554 174 3600 a.
