2354 3840
316 219 402 278 m.
435 221 454 280 1.
490 219 590 278 cAP.
627 226 799 281 llo-11³.
1016 216 1055 282 61

47 391 103 468 είη
120 385 191 448 τῶν
207 377 353 468 οὐρέων,
372 375 438 464 φάς
451 375 633 463 Ἀστυάγεα
648 374 733 446 εἶναι
747 374 808 445 τόν
822 387 925 447 ταῦτα
940 376 1057 448 ἐπιδέ-

48 477 159 563 μενόν
173 502 240 566 μοι,
255 474 362 547 πολλοὶ
379 473 569 564 ἀπειλήσας,
584 480 615 542 εί
627 473 673 562 μή
687 492 774 560 σφεα
789 473 971 563 ποιήσαιμι.
1001 479 1055 544 καὶ

49 571 115 661 έγοὶ
135 570 316 662 ἀναλαβών
331 577 471 658 ἔφερον,
496 573 625 640 δοκέων
645 578 713 640 τῶν
727 571 817 652 τινός
838 575 993 641 οἰκετέων
1009 571 1054 641 εἶ-

50 697 125 740 ναι·
149 669 191 740 οά
206 669 270 759 γάρ
286 669 329 739 άν
344 696 419 740 κοτε
441 671 610 755 κατέδοξα,
627 673 730 738 ένβεν
745 694 782 758 γε
796 663 849 758 ήν.
883 671 1054 760 ἐθάμβεον

48 770 86 836 δὲ
103 766 213 856 ὁρέων
227 774 395 860 χρυσῷ-τε
416 771 470 836 καί
492 770 601 854 εἵμασι
623 768 890 854 κεκοσμημένον,
912 767 997 856 πρός
1018 773 1053 839 δὲ

49 869 105 934 καὶ
126 863 306 951 κλαυθμόν
327 871 529 933 κατεστεῶτα
556 863 706 950 ἐμφανέα
726 865 764 932 έν
782 862 960 953 Ἀρπάγου.
998 872 1052 936 καὶ

48 964 197 1051 πρόκατε
211 961 251 1051 δή
268 958 335 1030 κατ’
353 959 434 1030 ὁδόν
449 961 667 1048 πυνθάνομαι
682 959 743 1030 τόν
756 962 866 1032 πάντα
876 965 980 1052 λόγον
990 977 1052 1036 δε-

48 1064 232 1149 ράποντος,
255 1058 291 1140 δς
311 1061 368 1148 έμδ
388 1060 595 1147 προπέμπων
606 1062 667 1141 ἔξω
682 1059 798 1140 πόλιος
815 1065 991 1150 ἐνεχείρισε
1013 1065 1049 1134 τδ

47 1164 193 1250 βρέφος,
220 1155 264 1238 ὥς
289 1155 354 1245 άρα
379 1156 565 1244 Μανδάνης
578 1183 614 1225 τε
629 1166 679 1242 είη
694 1171 770 1237 ταῖς
784 1165 841 1245 τῆς
853 1153 1051 1243 Ἀστυάγεος

47 1254 221 1346 θυγατρὸς
234 1259 288 1324 καὶ
305 1255 493 1343 Καμβύσεω
508 1262 570 1323 τοῦ
585 1254 714 1341 Κόρου,
732 1263 791 1322 καί
801 1282 860 1342 μιν
871 1255 1052 1344 Ἀστυάγης

48 1357 233 1424 ἐντέλλεται
248 1351 457 1422 ἀποκτείναι·
479 1359 545 1420 νῦν
560 1376 596 1420 τε
613 1349 670 1419 ὅδε
681 1354 758 1420 ἐστί.
796 1352 882 1440 Ἅμα
899 1357 936 1424 δέ
949 1363 1052 1424 ταῦτα
1072 1376 1119 1429 m

48 1462 141 1540 έλεγε
164 1450 180 1520 ὁ
199 1450 362 1540 βουκόλος
382 1452 437 1520 καὶ
457 1449 647 1531 έκκαλάηιας
663 1445 869 1533 άτεδείκνυε.
903 1449 923 1539 ἡ
947 1453 985 1520 δέ
1008 1448 1052 1531 (ὃς

48 1551 115 1622 εἶδε
131 1549 168 1618 τὸ
186 1553 320 1618 παιδίον
337 1551 421 1636 μέγα
435 1575 470 1617 τε
487 1550 542 1617 καί
557 1545 683 1626 εὐειδὲς
698 1544 766 1634 έδν,
788 1547 982 1635 δακρύσασα
997 1550 1052 1618 καὶ

45 1650 217 1737 λαβομένη
242 1653 310 1715 τῶν
334 1647 512 1734 γουνάτων
535 1651 597 1714 τοῦ
620 1641 744 1728 ἀνδρὸς
763 1644 887 1732 ἐχρήιζε
908 1650 1051 1734 μηδεμιῇ

47 1750 147 1836 τέχνη
164 1749 316 1815 ἐκθεῖναί
327 1772 395 1834 μιν.
429 1743 447 1814 ὁ
472 1748 508 1814 δέ
532 1741 594 1813 οὐκ
619 1750 683 1830 ἔφη
706 1738 775 1821 οἷός
790 1743 827 1811 τέ
845 1740 929 1811 εἶναι
944 1740 1052 1822 άλλως

47 1842 134 1914 αὐτά
149 1845 290 1912 ποιέειν·
313 1843 541 1930 ἐπιφοιτήσειν
555 1841 620 1931 γάρ
637 1841 868 1922 κατασκόπους
883 1841 1051 1929 έξἎρπά-

48 1969 112 2028 γον
128 1941 373 2027 ἐποψομένους,
390 1936 596 2007 άπολέεσδαί
609 1965 644 2006 τε
660 1939 817 2023 κάκιστα,
839 1933 882 2026 ήν
903 1938 949 2026 μή
964 1959 1050 2026 σφεα

47 2038 180 2127 τοιήση.
227 2035 271 2118 ὡς
285 2040 321 2106 δὲ
339 2035 401 2105 οὐκ
416 2043 531 2106 ἔπειθε
549 2037 614 2125 άρα
628 2035 689 2104 τόν
705 2035 823 2125 ἄνδρα,
841 2040 981 2124 δεύτερα
995 2040 1052 2105 λε’·

48 2135 133 2227 γειὴ
155 2134 242 2224 γυνή
263 2136 359 2204 τάδε·
386 2133 472 2203 Ἐπεὶ
492 2143 609 2203 τοίνυν
631 2131 672 2203 οὐ
694 2135 844 2222 δύναμαί
860 2157 897 2205 σε
917 2144 1051 2205 πείθειν

47 2232 91 2322 μή
111 2236 277 2322 ἐκθεῖναι,
288 2232 331 2302 σύ
349 2236 385 2301 δὲ
404 2225 468 2302 ὦδε
482 2240 640 2319 ποίησον,
658 2239 687 2302 εί
703 2231 743 2320 δή
760 2234 851 2303 πᾶσά
865 2261 904 2322 γε
919 2233 1050 2322 άνάγκη

47 2333 199 2419 ὀφθῆναι
215 2335 424 2420 έκκείμενον·
446 2331 562 2399 τέτοκα
576 2328 641 2419 γάρ
653 2333 707 2400 καὶ
719 2328 795 2418 έγά,
812 2332 930 2401 τέτοκα
945 2333 981 2401 δέ
994 2356 1051 2400 τε·

47 2429 167 2508 θνεός·
188 2437 286 2498 τοῦτο
302 2431 364 2516 μὲν
381 2432 496 2516 φέρων
513 2429 651 2515 πρόθες,
672 2425 732 2495 τόν
743 2426 780 2495 δὲ
788 2432 847 2514 τής
854 2424 1051 2512 Ἀστυάγεος

46 2525 218 2614 θυγατρός
232 2531 332 2595 παῖδα
345 2525 389 2606 ὡς
405 2530 437 2608 έξ
448 2524 561 2613 ἡμέων
576 2524 673 2593 ἐόντα
684 2529 875 2614 τρέφωμεν·
892 2531 947 2596 καὶ
962 2526 1050 2594 οὕτω

46 2623 125 2691 οὔτε
142 2620 184 2690 σύ
200 2621 344 2692 άλοέσεαι
359 2622 504 2692 άδικέων
519 2620 598 2701 τούς
614 2620 785 2710 δεσπότας,
802 2621 879 2692 οὔτε
893 2621 974 2713 ήμίν
989 2651 1051 2692 κα·

45 2729 114 2801 κοῖς
128 2724 377 2810 βεβουλευμένα
392 2728 492 2791 ἔσται.
526 2720 546 2788 ό
568 2746 604 2790 τε
624 2717 689 2809 γάρ
709 2719 856 2802 τεθνεός
877 2730 1051 2810 βασιληίης

46 2826 154 2905 ταφῆς
169 2819 308 2907 κυρήσει
330 2824 385 2908 καὶ
408 2819 425 2888 ὁ
450 2817 594 2908 περιεάν
615 2817 677 2887 οὐκ
699 2817 832 2894 ἀπολέει
853 2819 915 2907 τήν
928 2821 1049 2908 ψυχήν.

47 2915 164 3001 Κάρτα
178 2939 213 2982 τε
229 2919 320 2996 ἔδοξε
334 2924 380 3008 τῷ
391 2919 545 3009 βουκόλῳ
557 2915 640 3004 πρός
654 2912 695 2984 τὰ
706 2916 874 3003 παρεόντα
890 2911 930 2986 εὖ
941 2921 1052 3004 λέγειν
1066 2938 1117 2992 113

45 3013 65 3101 ἡ
82 3009 182 3100 γυνή,
197 3015 252 3081 καὶ
268 3010 387 3082 αὐτίκα
405 3017 511 3083 ἐποίεε
525 3017 638 3082 ταῦτα.
673 3010 810 3100 τὸνμὲν
824 3019 924 3101 ἔφερε
939 3024 1051 3083 βανα-
1067 3091 1070 3098 .

46 3113 165 3181 τόσων
179 3115 292 3197 παῖδα,
307 3119 428 3180 τοῦτον
442 3113 504 3198 μέν
515 3115 696 3200 παραδιδοῖ
706 3120 747 3199 τή
761 3113 889 3179 ἑωυτοῦ
904 3117 1050 3200 γυναικί,

45 3209 108 3280 τὸν
130 3210 166 3277 δέ
187 3209 315 3277 ἑωυτοῦ
332 3209 429 3278 ἐόντα
443 3208 567 3298 νεκρόν
592 3206 707 3297 λαβοδν
722 3213 824 3295 ἔθηκε
839 3212 872 3290 ές
886 3209 922 3278 τὰ
939 3209 1050 3296 άγγος,

46 3313 84 3378 έν
105 3315 151 3376 τιό
174 3313 272 3395 ἔφερε
291 3305 352 3376 τὸν
368 3311 498 3395 ἕτερον·
521 3308 688 3396 κοσμήσας
702 3308 738 3376 δέ
757 3315 804 3399 τῷ
826 3307 938 3399 κόσμῳ
954 3310 1051 3374 παντὶ

48 3413 110 3475 τοῦ
124 3406 239 3494 έτέρου
254 3403 383 3492 παιδός,
400 3407 514 3492 φέρων
530 3409 563 3485 ές
573 3404 610 3474 τό
622 3403 827 3494 ἐρημότατον
839 3411 908 3472 τῶν
923 3403 1051 3490 οὐρέων
