2354 3840
248 40 274 95 δ

140 193 203 258 ³52
527 200 779 260 HERODOTI

139 362 205 422 νῦν
221 381 270 422 ων
284 380 341 441 μοι
356 355 481 442 δοκέει,
504 353 607 423 έπεάν
621 359 756 444 τάχιστα
778 359 839 440 νύξ
855 363 998 452 έπέλθη,
1020 364 1138 431 έκκαύ-

139 472 261 532 σαντας
277 450 318 520 τά
332 461 441 542 πυρά,
465 450 509 533 ῦς
529 457 585 522 καί
602 453 720 524 ἀλλοτε
741 458 897 543 ἐώθαμεν
910 458 1057 544 ποιέειν,
1075 465 1139 528 τῦν

138 552 368 643 στρατιωτέων
389 551 469 631 τοῦς
489 551 756 633 ἀσθενεστάτους
781 557 814 635 ές
838 553 897 635 τάς
916 563 1138 646 ταλαιπωρίας

138 651 405 739 ἐξαπατήσαντας
425 654 479 719 καὶ
505 649 584 732 τούς
611 650 713 732 ὅνους
737 653 865 733 πάντας
890 655 1138 742 καταδήσαντας

138 754 428 839 ἀπαλλάσσεσθαι,
444 756 524 838 πρὶν
535 748 558 839 ή
568 756 624 822 καλ
638 755 691 822 έπλ
704 751 902 843 τὸνἼστρον
916 759 1035 823 ίθῦσαι
1046 755 1138 823 Σκύ-

137 867 202 934 θας
213 854 376 931 λύσοντας
386 851 448 941 τήν
459 857 629 940 γέφυραν,
647 849 668 940 ἢ
680 859 739 922 καί
745 851 873 923 τιἼωσι
885 851 978 933 δόξαι
988 851 1027 922 vo*
1039 851 1137 941 ἡμέας

138 948 212 1022 οἷόν
229 979 264 1018 τε
280 957 369 1020 ἔσται
385 953 637 1040 ἐξεργάσασθαι.
683 953 845 1040 Γωβρύης
859 954 922 1039 μὲν
935 959 1040 1022 ταῦτα
1056 973 1137 1021 συν-

72 1061 120 1117 135
138 1051 313 1136 εβούλευε,
336 1047 418 1137 μετά
434 1053 469 1118 δέ
489 1051 551 1130 νύξ
572 1077 607 1118 τε
622 1052 769 1137 ἐγένετο,
792 1053 847 1118 καί
861 1062 1008 1138 Δαρεῖος
1022 1053 1135 1138 έχράτο

136 1158 175 1240 τῇ
198 1150 315 1238 γνάμη
335 1151 455 1239 ταύτῃ·
483 1149 563 1230 τούς
586 1151 648 1237 μὲν
672 1147 884 1238 καματηρούς
909 1159 977 1219 τῶν
1002 1148 1136 1236 ἀνδρῶν

135 1251 189 1318 καὶ
201 1256 268 1316 τῶν
278 1241 322 1336 ἦν
333 1247 751 1337 έλάχιστοςάπολλυμένων
762 1250 935 1336 λόγος,καλ
945 1246 1026 1328 τοῦς
1037 1247 1136 1326 ὄνους

135 1346 261 1425 πάντας
284 1347 471 1433 καταδήσας
494 1349 647 1416 κατέλιπε
663 1344 768 1414 αὐτοῦ
788 1346 892 1435 ταύτῃ
912 1350 950 1415 έν
965 1352 1012 1437 τῷ
1036 1366 1143 1433 στρα-·

134 1447 277 1533 τοπέδῳ·
299 1448 452 1513 κατέλιπε
473 1446 509 1514 δὲ
529 1447 608 1524 τούς
630 1471 664 1513 τε
686 1443 786 1522 ὄνους
803 1447 859 1513 καὶ
872 1442 952 1524 τοῦς
972 1443 1137 1524 ἀσθενέας

134 1546 191 1625 τῆς
206 1547 359 1628 στρατιῆς
376 1545 482 1609 τῶνδε
497 1545 641 1628 εἵνεκεν,
663 1546 720 1608 ἵνα
735 1545 768 1609 οί
781 1541 843 1627 μέν
859 1538 933 1609 ὅνοι
947 1539 1036 1628 βοήν
1051 1566 1136 1629 παρ-

134 1642 288 1726 έχωνται,
312 1645 346 1709 οί
358 1641 393 1708 δέ
415 1640 590 1728 ἀνθρωποι
616 1639 793 1725 ἀσθενείης
812 1640 874 1726 μὲν
894 1643 1026 1707 εἵνεκεν
1040 1666 1135 1710 κατε-

133 1743 304 1824 λείποντο,
326 1738 515 1826 προφάσιος
539 1739 575 1804 δὲ
594 1742 693 1823 τῆσδε
715 1732 903 1822 δηλαδή,
881 1761 925 1813 ως
949 1733 1055 1816 αὐτὸς
1076 1737 1135 1823 μέν

132 1831 199 1900 σύν
213 1840 259 1924 τῦ
280 1843 421 1958 καθαρῷ
436 1843 497 1903 τοῦ
517 1841 660 1920 στρατοῦ
682 1833 906 1921 ἐπιθήσεσθαι
919 1835 1037 1919 μέλλοι
1053 1847 1133 1901 τοῖσι

106 1933 308 2022 Σκύθησι,
332 1926 425 2002 οὗτοι
443 1933 528 2003 δὲ
494 1961 530 2003 το
546 1935 772 2023 στρατόπεδον
789 1940 911 2002 τοῦτον
926 1932 989 2002 τδν
1010 1935 1133 2022 χρόνον

131 2033 276 2116 ῥυοίατο.
310 2038 414 2099 ταῦτα
440 2047 526 2102 τοῖσι
553 2031 846 2118 ὑπολειπομένοισι
877 2030 1129 2119 νποθέμενος
1115 2059 1130 2100 ο

131 2140 274 2213 Δαρεῖος
296 2137 349 2198 καὶ
371 2131 461 2218 πυρά
480 2131 695 2213 ἐκκαύσας
660 2160 721 2220 την
741 2138 896 2219 ταχίστην
910 2129 1067 2220 ήπείγετο
1083 2135 1132 2202 έπλ

130 2222 341 2313 τδνἽστρον.
377 2232 410 2296 οί
430 2230 465 2296 δέ
486 2226 559 2298 ὄνοι
576 2234 803 2317 ἐρημωθέντες
823 2237 884 2299 τοῦ
909 2229 1031 2318 ὁμίλου
1048 2231 1130 2300 οὕτω

66 2368 69 2373 -
131 2325 193 2412 μὲν
208 2323 249 2413 δή
266 2332 394 2412 μᾶλλον
408 2336 520 2420 πολλῷ
534 2331 630 2396 ἵεσαν
644 2334 702 2414 τής
719 2333 850 2415 φωνῆς,
874 2326 1081 2408 ἀκούσαντες
1097 2330 1130 2395 δέ

131 2428 164 2490 οί
177 2423 316 2493 Σκύθαι
337 2433 405 2493 τῶν
426 2425 517 2494 ὄνων
533 2427 643 2512 πάγχυ
665 2423 748 2493 κατά
769 2424 882 2512 χάρην
896 2423 1037 2512 ἤλπιζον
1056 2422 1131 2504 τοῦς

68 2535 115 2590 136
129 2523 260 2607 Πέρσας
282 2522 375 2590 εἶναι.
416 2522 557 2610 Ἡμέρης
581 2525 616 2591 δέ
637 2526 819 2610 γενομένης
838 2523 979 2609 γνόντες
995 2528 1029 2591 οί
1047 2520 1130 2590 ῦπο-

128 2621 379 2708 λειφθέντες,’
359 2650 401 2701 ως
416 2623 656 2710 προδεδομένοι
675 2619 773 2690 είεν“
756 2619 823 2690 υπὸ
838 2628 1014 2745 Δαρείου,
1022 2620 1129 2717 χεῖράς

128 2741 163 2783 τε
175 2725 406 2804 προετείνοντο
418 2735 501 2788 τοῖσι
512 2722 672 2811 Σκύθησι
684 2723 739 2789 καὶ
750 2720 915 2807 έλεγον
877 2749 918 2789 τα
930 2723 1129 2810 κατήκοντα·

129 2810 171 2883 ο’ί
183 2815 257 2884 δέ
235 2845 279 2898 ως
299 2817 450 2905 ήκουσαν
469 2829 588 2909 ταῦτα,
618 2820 680 2910 τήν
696 2828 853 2946 ταχίστην
874 2825 1129 2911 συστραφέντες,

128 2916 165 2979 αἵ
183 2940 220 2981 τε
237 2915 299 2984 δύο
321 2932 434 3006 μοῖραι
454 2928 522 2988 τῶν
539 2921 708 2989 Σκυθέων
731 2918 823 2990 καὶ
805 2949 827 3009 η
850 2919 931 3008 μετά
946 2931 1131 3012 Σαυρομα-

127 3014 212 3078 τέων
232 3017 287 3084 καὶ
306 3024 466 3088 Βουδῖνοι
486 3027 542 3090 καλ
562 3029 726 3110 Γελωνοί,
748 3027 889 3092 έδίωιιον
908 3022 988 3105 τοῦς
1001 3033 1132 3114 Πέρσας

129 3106 190 3175 ιθῦ
203 3118 264 3178 τοῦ
271 3111 460 3203 Ἵστρου.“
437 3145 494 3186 ατε
516 3122 551 3188 δέ
571 3147 631 3188 του
617 3128 817 3209 Περσικοῦ
837 3122 900 3209 μεν
924 3131 984 3191 τοῦ
1006 3129 1132 3194 πολλοῦ

128 3206 242 3323 έήντος
258 3218 358 3291 πεζοῦ
381 3224 525 3300 στρατοῦ
549 3216 661 3286 καί
624 3246 684 3298 τας
704 3216 805 3298 ὁδούς
827 3218 890 3288 ούκ
911 3222 1133 3309 ἐπισταμένου

129 3301 214 3370 ω’στε
231 3302 273 3372 οῦ
293 3315 504 3429 τετμημένων
528 3322 596 3382 των
616 3313 723 3404 ὁδῶν,
746 3342 807 3384 του
793 3317 860 3385 δὲ
874 3326 1058 3388 Σκυθικοῦ
1080 3326 1134 3391 ίπ·

128 3399 237 3469 πύτεω
254 3405 359 3473 καί
323 3434 362 3474 τα
378 3410 528 3495 σύντομα
549 3419 606 3496 τῆς
623 3411 707 3483 ὁδοῦ
722 3413 978 3502 ἐπισταμένουε
961 3425 1133 3508 αμαρτύυ-
