2354 3840
59 201 102 265 46
430 207 680 265 HERODOTI

60 361 274 447 λαβόντεςδὲ
295 360 400 429 αάτὸν
421 367 454 430 ολ
471 362 643 443 Πέρσαι”
622 391 748 450 ηγαγον
767 366 857 453 παρὰ
874 375 1003 455 Κῦρον.
1037 362 1057 439 δ

62 458 97 524 δέ
118 457 285 544 συννήσας
305 455 418 544 πυρήν
440 458 589 544 μεγάλην
612 458 789 548 ἀνεβίβασε
809 457 855 531 ἐπ’
872 462 981 553 αὐτὴν
996 460 1060 533 τόσ-

62 556 208 637 Κροῖσόν
230 580 265 621 τε
286 558 323 622 ἐν
343 558 460 642 πέδησι
486 559 666 640 δεδεμένον
687 558 753 626 καί
760 561 811 637 δίς
830 559 907 628 έπτά
933 566 1064 629 Λυδόν

61 651 134 770 παρ’
162 653 266 722 αάτδν
289 657 425 738 παιδας,
450 655 487 719 ἐν
513 651 584 720 νόω
610 661 694 740 έχων
720 665 783 723 είτε
811 655 851 744 δή
876 655 1061 744 ἀκροθίνια

62 757 163 816 ταῦτα
177 764 346 836 καταγιεῖν
358 759 451 819 θεῶν
466 749 548 840 ὅτεῳ
566 749 624 838 δή,
647 761 711 819 είτε
725 753 830 820 κάλ’
795 751 896 841 ευχήν
911 757 1055 848 ἐπιτελέ-

62 868 117 914 σαι
133 852 269 934 ἐθέλων,
287 858 351 916 εἴτε
366 850 421 915 καὶ
435 817 631 932 πυθόμενος
644 874 704 915 τον
711 857 858 936 Κροίσου
875 822 972 918 εἶναι
975 861 1071 919 θεον

64 947 176 1029 σεβέα,
193 949 339 1012 tows*
308 971 434 1013 εινεκευ
449 942 630 1031 ἀνεβίβασε
646 943 750 1012 ἐπὶ
714 973 776 1032 την
790 945 912 1034 πυρήν,
930 946 1067 1034 βουλό--

63 1065 162 1124 μενος
176 1044 315 1126 εἰδέναι,
338 1049 371 1108 εί
381 1047 429 1119 τίς
444 1067 502 1127 μιν
516 1041 689 1126 δαιμόνων
704 1042 840 1128 βάσεται
856 1049 917 1110 τοῦ
931 1068 978 1129 μη
964 1039 1055 1123 (oi-
1064 1082 1071 1131 ‘.

64 1161 143 1203 οντα
156 1142 416 1223 κατακαυθῆναι.
446 1133 515 1202 τόν
537 1137 598 1222 μέν
613 1135 653 1222 δή
669 1140 794 1209 ποιέειν
814 1146 935 1225 ταῦτα,
958 1136 1075 1229 τρῖ-δέζ.

65 1239 195 1323 Κροίσῳ
207 1236 337 1301 ἑστεῶτι
348 1235 400 1301 ἐπὶ
409 1240 467 1320 τῆς
477 1240 587 1319 πυρῆς
604 1235 765 1318 ἐσελθεῖν,
780 1239 897 1321 καίπερ
912 1237 950 1303 ἐν
965 1238 1057 1325 τακρ
1072 1260 1075 1321 j

65 1330 152 1398 ἐόντι
166 1329 330 1421 τοσούτω,
345 1325 382 1398 τό
398 1336 458 1396 τοῦ
471 1328 649 1414 Σόλωνος,
673 1327 718 1406 ὥς
732 1333 766 1397 οί
779 1339 829 1416 ελη
844 1327 910 1396 σάν
922 1332 997 1421 θεῷ
1010 1334 1052 1399 ελ-
1076 1372 1080 1377 -

66 1431 226 1514 ρημένον,
247 1425 284 1494 τό
303 1430 428 1513 μηδένα
443 1424 528 1493 εἶναι
544 1433 612 1494 τῶν
625 1426 778 1506 ζωόντων
793 1423 916 1512 ὄλβων.
961 1421 1008 1504 ὥς
1020 1422 1062 1511 δδ

66 1523 130 1609 ἀρα
145 1550 203 1609 μιν
217 1532 419 1609 προσστῆναι
430 1528 539 1606 τοῦτο,
557 1520 818 1606 ἀνενεικάμενόν
837 1546 872 1588 τε
895 1523 949 1588 καὶ
973 1518 1055 1589 ἀνσ-

65 1624 264 1704 στενάξαντα
285 1625 321 1690 ἐκ
344 1629 466 1709 πολλῆς
486 1619 625 1708 ἡσυχίης
644 1625 677 1700 ἐς
696 1625 766 1707 τρίς
786 1620 973 1706 οὐνομάσαι
987 1618 1057 1689 Σό-

66 1726 163 1789 λωνα.
195 1716 331 1787 καὶτὸν
344 1726 461 1805 Κῦρον
482 1716 673 1786 ἀκούσαντα
694 1724 846 1784 κελεῦσαι
861 1715 940 1796 τούς
955 1719 1079 1803 έρμηε·

35 1896 38 1903 ,
66 1822 141 1896 νέας
154 1820 344 1903 ἐπείγεσθαι
357 1813 418 1882 τὸν
432 1823 597 1902 Κροῖσον,
618 1821 692 1883 τίνα
705 1822 826 1881 τοῦτον
842 1816 1058 1901 ἐπικαλέοιτο,
1075 1830 1079 1837 “

65 1918 119 1982 καί
144 1912 221 1993 τοὺς
247 1912 495 2000 προσελθόντας
521 1914 711 1999 ἐπειρωτᾶν.
753 1917 900 1996 Κροίσου
919 1910 957 1977 δέ
978 1913 1059 1989 τέως

65 2012 126 2096 μέν
141 2007 238 2097 σιγήν
254 2015 340 2095 ἔχειν
357 2007 613 2094 είρωτεόμενον,
627 2004 709 2093 μετά
720 2004 767 2092 δέ,
784 2003 828 2084 ὡς
843 2001 1058 2093 ἠναγκάζετο,

65 2111 184 2172 εἰπεῖν·
209 2101 277 2172 Τὸν
293 2100 336 2169 ἀν
351 2101 415 2188 έγοὶ
430 2109 509 2170 πᾶσι
526 2103 721 2195 τυράννοισι
735 2108 936 2187 προετίμησα
954 2099 1060 2189 μεγά-

65 2211 133 2270 λων
156 2201 331 2288 χρημάτων
355 2202 388 2278 ἐς
412 2199 534 2285 λόγους
559 2202 680 2268 ἐλθεῖν.
714 2198 773 2277 ᾩς
798 2201 837 2266 δέ
858 2218 919 2284 σφι
945 2195 1060 2285 ἀσημα

66 2304 200 2385 ἔφραζε,
222 2296 324 2363 πάλιν
345 2294 542 2382 ἐπειρώτεον
558 2293 596 2363 τά
615 2296 786 2381 λεγόμενα.
829 2295 1061 2383 λιπαρεόντων
1081 2326 1095 2375 ,ς

66 2399 102 2465 δέ
117 2392 228 2463 αὐτῶν
243 2397 298 2460 καὶ
313 2390 411 2479 ὄχλον
432 2395 645 2482 παρεχόντων
666 2401 757 2480 έλεγε
772 2392 812 2480 δή
836 2390 881 2471 ὡς
896 2387 984 2482 ήλθε
998 2391 1061 2482 ἀρ-
1091 2406 1095 2467 ¹.

65 2491 127 2612 χήν
151 2489 169 2560 ὁ
189 2489 310 2560 Σόλων
333 2487 405 2558 ἐάν
420 2488 613 2578 Ἀθηναῖος,
639 2494 694 2560 καί
714 2490 927 2579 θηησάμενος
948 2490 1062 2561 πάντα

66 2586 131 2657 τόν
145 2592 271 2656 ἑωυτοῦ
294 2586 396 2675 ὄλβον
416 2583 677 2673 ἀποφλαυρίσειε
692 2582 744 2656 οία
761 2584 801 2674 δή
822 2597 932 2674 είπας,
957 2613 1004 2668 ως
1025 2614 1062 2657 τε
1082 2606 1086 2611 “

65 2681 153 2775 αάτω
165 2685 276 2753 πάντα
293 2683 512 2770 ἀποβεβήκοι,
538 2708 642 2772 τηπερ
658 2687 783 2765 ἐκεῖνος
798 2685 884 2772 εἷπε,
909 2681 1015 2754 οὐδέν
1029 2712 1059 2755 τι
1089 2702 1095 2717 ⁴

65 2789 191 2869 μᾶλλον
210 2784 243 2859 ές
260 2779 385 2848 έωυτόν
398 2778 542 2866 λέγων”
521 2810 541 2868 η
558 2781 628 2861 ἐς”
605 2808 695 2849 απαν
709 2808 747 2850 το
768 2779 988 2872 ἀνθρωπήιον
1006 2776 1063 2853 καί
1085 2860 1088 2865 ,

66 2880 206 2966 μάλιστα
231 2876 310 2955 τούς
333 2875 422 2962 παρά
449 2883 544 2964 σφίσι
570 2879 699 2949 αὐτοῖσι
724 2885 899 2961 δοκέοντας
924 2879 1063 2971 ὀλβίους
1092 2878 1095 2941 ἶ

68 2977 159 3046 εἶναι.
191 2972 252 3042 τὸν
268 2975 329 3060 μὲν
344 2983 491 3063 Κροῖσον
509 3004 609 3047 ταυτα
625 2977 847 3067 ἀπηγέεσθαι,
868 2988 925 3069 τῆς
941 2982 980 3053 δὲ
994 3009 1064 3052 πυ·
1087 3022 1095 3057 ·.

67 3078 127 3158 ρης
139 3067 205 3156 ηδη
219 3067 365 3188 ἁμμένης
380 3080 533 3141 καίεσθαι
551 3103 590 3141 τα
579 3073 812 3161 περιέσχατα
843 3079 897 3144 καί
911 3101 973 3144 τον
987 3086 1064 3147 Κῦ-
1092 3090 1095 3153 ζ

65 3191 126 3255 ρον
150 3162 338 3235 ἀκούσαντα
360 3176 427 3236 τῶν
444 3173 614 3257 ἑρμηνέων
637 3199 676 3239 τα
665 3171 762 3240 εἶπε
778 3180 937 3259 Κροῖσος,
959 3180 1062 3262 μετά-
1093 3188 1095 3251 ζ

64 3261 188 3349 γνόντα
202 3290 236 3330 τε
251 3268 305 3333 καλ
320 3265 567 3353 ἐννώσαντα,
547 3296 597 3336 οτι
612 3274 665 3337 καί
682 3266 782 3348 αὐτός
798 3267 981 3352 ἅνθρωπος
995 3269 1062 3341 ἐάν
1091 3280 1095 3349 '2

62 3356 167 3425 ἄλλον
186 3357 387 3443 ἀνθρωπον,
412 3367 597 3447 γενόμενον
621 3371 748 3433 ἑαυτοῦ
775 3363 970 3457 εὐδαιμονίη
998 3365 1062 3439 οάκ

26 3476 66 3506 n'..
