2354 3840
136 204 200 269 230
504 209 742 266 lissnonowt

34 384 38 393 '
137 406 235 467 τερον
248 378 313 465 γὰρ
324 377 366 466 δὴ
379 379 541 466 Περσέων
554 382 590 446 οί
601 379 775 465 συνέδρων
791 376 916 445 ἐόντων
929 376 986 442 καί
1000 380 1139 462 Κροίσου
1176 465 1177 476 ,

140 490 246 566 είρετο
271 478 477 566 Καμβύσης,
507 477 600 558 κοίός
623 505 671 557 τις
701 479 811 546 δοκέοι
839 473 925 564 ἀνὴρ
956 473 1045 544 εἶναι
1067 472 1145 563 πρὶς

138 577 197 648 τόν
228 580 369 668 πατέρα·
401 583 437 647 οί
460 578 498 647 δὲ
528 575 722 665 ἀμείβοντο,
753 575 800 657 οἷς
830 587 881 665 είη
911 573 1061 663 ἀμείνων
1087 576 1140 643 τού

138 678 279 766 πατρός·
323 678 364 746 τοί
389 705 426 747 τε
454 677 521 767 ηάρ
553 682 684 747 ἐκείνου
709 676 818 746 πάντα
844 683 932 764 ἔχειν
957 671 1066 744 αύτδν
1090 673 1138 743 καλ

140 783 389 865 προσεκτῆσθαι
402 779 579 864 Αἴγυπτόν
596 806 632 846 τε
649 778 706 845 καὶ
722 776 785 864 την
800 776 986 846 θάλασσαν.
1022 776 1138 863 Πέρσαι

139 878 202 967 μὲν
231 884 337 946 ταῦτα
368 884 502 966 ἔλεγον,
534 888 680 968 Κροῖσος
710 877 749 946 δὲ
779 876 914 965 παρεόν
944 902 980 944 τε
1004 875 1062 943 καί
1085 871 1137 943 ούκ

140 976 362 1065 ἀρεσκόμενος
385 985 428 1068 τη
452 987 542 1067 κρίσι
565 977 637 1047 είπε
662 975 746 1058 πρός
769 975 828 1046 τ’ὀν
844 973 1034 1063 Καμβύσην
1055 973 1136 1043 τόδε·

137 1076 227 1165 Ἐμοί
252 1083 315 1164 μέν
332 1108 416 1164 νυν,
442 1072 469 1147 ἀ
494 1095 556 1147 παῑ
572 1078 711 1166 Κύρου,
734 1072 776 1145 ού
795 1079 919 1155 δοκέεις
937 1072 1053 1162 ὁμοῖος
1066 1072 1139 1143 είναι

139 1184 186 1270 τῷ
205 1181 334 1268 πατέρι
368 1177 409 1248 ού
433 1179 498 1270 γάρ
522 1207 570 1248 κω
596 1186 650 1246 τοί
666 1181 734 1247 έστι
750 1176 843 1263 υίδς,
866 1171 939 1245 οἷον
962 1174 1002 1242 σὲ
1027 1177 1140 1252 ἐκεῖνος

139 1285 341 1348 κατελίπετο.
384 1278 505 1366 Ἥσθη
537 1306 573 1347 τε
604 1283 709 1366 ταῦτα
739 1275 887 1356 ἀκούσας
916 1273 935 1344 ὁ
965 1273 1140 1361 Καμβύσης

96 1395 129 1449 35
142 1381 199 1447 καὶ
235 1382 366 1447 ἐπαίνεε
400 1379 463 1464 τὴν
494 1386 645 1467 Κροίσου
680 1384 800 1464 κρίσιν.
853 1375 990 1446 Τούτων
1024 1374 1067 1461 δη
1102 1364 1143 1439 όν

142 1481 388 1565 ἐπιμνησθέντα
406 1476 492 1568 ὀργῇ
517 1479 627 1564 λέγειν
650 1476 734 1565 πρὸς
752 1476 812 1544 τδν
829 1478 1051 1565 Πρηξάσπεα·
1094 1468 1141 1542 Σύ

141 1584 209 1646 νύν
226 1577 333 1663 μάθε,
359 1584 391 1647 εί
416 1580 552 1663 λέγουσι
570 1580 700 1666 Πέρσαι
717 1573 864 1663 ἀληθέα,
890 1585 957 1644 είτε
974 1571 1072 1642 αύτοὶ
1095 1571 1145 1639 λέ-

143 1700 260 1760 γοντες
280 1676 384 1742 ταῦτα
408 1677 699 1760 παραφρονέουσι·
728 1680 759 1742 εί
781 1675 843 1759 μὲν
861 1672 928 1761 γάρ
948 1681 1010 1742 τού
1028 1671 1142 1750 παιδὸς

143 1779 204 1840 τοῦ
230 1779 293 1840 σοῦ
318 1777 419 1840 τοῦδε
450 1773 606 1850 ἑστεῶτος
632 1774 670 1839 έν
693 1784 779 1839 τοῖσι
803 1771 1008 1859 προθύροισι
1032 1771 1143 1859 βαλών

143 1870 275 1958 τύχοιμι
289 1875 389 1958 μέσης
403 1878 460 1957 τῆς
475 1874 628 1956 καρδίης,
649 1872 777 1954 Πέρσαι
791 1871 973 1955 φανέονται
993 1870 1144 1954 λέγοντες

143 1965 260 2037 οὐδέν·
283 1964 327 2054 ἢν
348 1967 379 2036 δ’
396 1966 550 2056 ἁμάρτω,
573 1966 679 2054 φάναι
693 1970 825 2053 Πέρσας
838 1992 875 2035 τε
891 1972 1002 2052 λέγειν
1018 1964 1144 2056 ἀληθέα

143 2069 198 2133 καὶ
213 2067 269 2150 ἐμὲ
290 2064 334 2151 μὴ
351 2067 567 2152 σωφρονέειν.
617 2071 729 2132 Ταῦτα
744 2067 781 2132 δέ
797 2064 932 2134 εἰπόντα
952 2069 1008 2134 καί
1023 2072 1145 2135 διατεί-

29 2216 32 2221 .
143 2187 248 2227 ναντα
262 2159 299 2226 τὸ
314 2161 413 2241 τόξον
429 2167 547 2246 βαλεῖν
569 2160 630 2230 τόν
644 2167 756 2248 παῑδα,
769 2162 930 2241 πεσόντος
941 2164 977 2232 δὲ
991 2175 1053 2234 τοῦ
1067 2191 1144 2234 παι-

144 2257 202 2335 δός
216 2255 403 2345 ἀνασχίζειν
414 2257 519 2328 αὐτόν
530 2262 681 2330 κελεύειν
693 2263 748 2330 καὶ
762 2266 950 2344 σκέψασθαι
963 2261 1143 2353 τδβλῆμα·

145 2353 189 2434 ὡς
203 2356 240 2423 δὲ
254 2357 292 2422 έν
302 2362 342 2444 τῇ
353 2361 473 2446 καρδίη
484 2355 668 2444 εὑρεθῆναι
678 2358 815 2426 ἐνεόντα
828 2356 889 2426 τόν
903 2358 1028 2447 ὀιστόν,
1041 2367 1145 2430 είπεῑν

143 2453 227 2543 πρὸς
243 2451 304 2522 τόν
323 2458 449 2543 πατέρα
468 2463 530 2522 τοῦ
549 2453 669 2532 παιδός
690 2456 877 2542 γελάσαντα
895 2459 950 2526 καί
966 2460 1145 2547 περιχαρέα

143 2550 343 2638 γενόμενον·
381 2551 595 2640 Πρήξασπες,
622 2550 666 2630 ὡς
691 2556 753 2637 μὲν
772 2550 837 2636 έγιό
854 2577 890 2620 τε
907 2553 949 2622 ού
973 2563 1144 2643 μαίνομαι,

142 2650 270 2733 Πέρσαι
285 2675 320 2715 τε
334 2653 625 2737 παραφρονέουσι,
642 2650 726 2737 δῆλοί
736 2676 788 2719 τοι
802 2652 939 2736 γέγονε,
957 2658 1024 2720 νύν
1038 2657 1079 2721 δέ
1089 2679 1146 2740 μοι

144 2755 231 2836 εἰπὲ,
253 2756 328 2818 τίνα
342 2751 426 2830 είδες
439 2751 503 2839 ἤδη
518 2753 656 2821 πάντων
673 2751 868 2838 ἀνθρώπων
879 2752 967 2821 οὕτω
982 2755 1146 2822 ἐπίσκοπα

143 2849 338 2931 τοξεύοντας
359 2852 562 2936 Πρηξάσπεα
584 2851 620 2919 δὲ
634 2849 773 2937 ὁρίουτα
793 2849 901 2936 ἀνδρα
918 2845 960 2919 ού
974 2849 1145 2938 φρενήρεα

143 2949 288 3029 καὶπερὶ
305 2948 417 3037 ἑωυτῷ
432 2953 645 3034 δειμαίνοντα
661 2955 780 3017 εἰπεῖν·
814 2951 987 3037 Δέσποτα,
1009 2946 1083 3017 οὐδ’
1102 2945 1145 3016 ἀν

142 3042 247 3113 αύτόν
268 3051 372 3131 ἔγωγε
393 3047 498 3114 δοκέω
514 3044 573 3116 τὸν
598 3044 685 3115 θεὸν
702 3044 791 3114 οὕτω
812 3041 856 3113 ἀν
872 3051 980 3125 καλῶς
1015 3044 1143 3133 βαλεῖν.

145 3141 226 3207 Τότε
241 3144 303 3226 μέν
316 3149 420 3209 ταῦτα
429 3145 638 3231 ἐξεργάσατο,
648 3146 788 3233 ἑτέρωθι
797 3144 1001 3231 δὲΠερσέων
1010 3146 1147 3230 ὁμοίους

141 3256 226 3308 τοῖσι
239 3242 400 3329 πρώτοισι
411 3244 565 3310 δυόδεκα
576 3240 627 3310 ἐπ’
641 3240 780 3331 οὐδεμιῇ
790 3248 877 3330 αίτίη
888 3239 1047 3334 ἀξιόχρεῳ
1058 3239 1145 3310 ἑλόν

92 3353 128 3410 ³6
143 3341 286 3423 ξωοντας
297 3344 350 3409 έπλ
360 3338 511 3427 κεφαλὴν
523 3340 700 3426 κατώρυξε.
734 3346 846 3407 Ταῦτα
859 3341 900 3408 δέ
910 3366 970 3428 μιν
983 3347 1145 3407 ποιεῦντα

124 3440 307 3514 Mammas
331 3447 481 3524 ,Κροῖσος
506 3437 524 3510 ὁ
551 3437 665 3520 Λυδὸς
687 3443 893 3520 νουθετῆσαι
915 3441 1037 3502 τοιοίδε
1058 3449 1143 3504 τοῖσι
