2354 3840
136 191 196 253 164
506 190 753 249 HERODOTI

132 359 253 437 λίμνην
269 351 305 416 ἐκ
326 355 385 415 τοῦ
401 356 553 434 ποταμοῦ
570 347 653 433 πρὸς
669 352 793 437 βορέην
808 376 843 417 τι
864 354 1023 441 καὶπρὸς
1041 358 1125 427 ἑσπέ-

132 474 195 534 ρην
206 444 257 535 (τό
270 442 334 532 γάρ
346 442 429 531 πρός
441 443 502 532 τὴν
516 441 566 533 ἀῶ
577 444 677 525 αύτδς
691 443 708 515 ὁ
722 456 843 527 Νείλος
857 446 1025 541 ἀπέργει),
1038 460 1123 524 τοῦτο

131 546 166 612 δὲ
182 552 240 612 τοῦ
257 542 442 629 Ἡφαίστου
456 541 493 610 τό
510 541 586 631 ἱρόν
600 543 804 629 ἱδρύσασθαι
819 549 855 614 ἐν
872 544 968 637 αὐτῇ,
984 546 1044 617 έδκ
1053 552 1123 637 μέγα

64 665 114 719 100
131 670 166 713 τε
181 647 235 712 καί
250 640 562 727 ἀξιαπηγητότατον
608 640 706 710 Μετὰ
724 642 759 710 δὲ
774 650 895 711 τοῦτον
908 649 1154 767 κατέλεγονρί

130 745 215 828 ἱρέες
230 744 266 808 έκ
279 747 398 827 βίβλου
413 738 523 808 ἀλλων
538 741 703 828 βασιλέων
717 747 916 828 τριηκοσίων
927 767 964 810 τε
974 746 1032 813 καὶ
1042 742 1119 833 τριό-
1151 724 1154 826 ἱ

130 867 232 910 κοντα
254 838 433 925 οὐνόματα
471 842 507 907 έυ
529 838 707 927 τοσαύτησι
729 839 765 908 δὲ
785 848 918 930 γενεῇσι
940 837 1139 932 ἀνθρύποι

130 936 403 1004 ὀκτωκαίδεκα
368 962 431 1022 μευ
444 930 642 1014 Αἰθίοπες
621 955 724 1021 ησαυ,
747 937 853 1022 μίαδδ
863 965 952 1028 γυνη
939 937 1154 1027 ἐπιχωρίη,

130 1038 163 1100 οἱ
177 1034 213 1099 δὲ
230 1031 325 1101 ἀλλοι
340 1031 460 1120 ἀνδρες
471 1033 657 1119 Αἰγύπτιοι.
684 1061 723 1122 τη
709 1033 775 1102 δὲ
785 1037 978 1119 γυναικὶ”
934 1063 1063 1126 ουνομα
1074 1032 1116 1135 ἦν

130 1157 201 1217 ητις
223 1133 430 1216 ἐβασίλευσε,
466 1130 566 1219 τόπερ
607 1137 646 1218 τῇ
665 1138 881 1250 Βαβυλιρνίη,
909 1141 1115 1221 Νίτωκρις
1152 1166 1154 1201 :

128 1227 190 1315 τὴν
206 1235 321 1315 ἔλεγον
337 1229 566 1315 τιμωρέουσαν
581 1224 748 1317 ἀδελφερο,
769 1226 830 1295 τόν
840 1229 1023 1317 Αἰγύπτιοι
1035 1239 1116 1320 βασι-

128 1325 271 1394 λεύοντα
302 1321 459 1411 σφέαυ’
441 1325 656 1409 απέκτειναν,
689 1321 943 1407 ἀποκτείναντες
974 1331 1013 1398 δὲ
1043 1327 1116 1399 ούιο

129 1426 238 1510 ἐκείνη
264 1421 432 1490 ἀπέδοσαν
455 1418 517 1507 τὴν
541 1427 735 1508 βασιληίην,
769 1421 877 1514 τούτρο
900 1429 1116 1513 τιμωρέουσαν

129 1518 273 1597 πολλούς
285 1525 478 1604 Αἱγυπτὶαιν
490 1523 684 1604 διαφθεῖραι
700 1516 796 1608 δόλρι.
822 1522 1052 1609 ποιησαμένην
1063 1522 1116 1609 γόρ

128 1645 187 1702 μιν
202 1626 323 1702 οῖ’κημα
337 1620 514 1702 περίμηκες
528 1612 694 1700 ὑπόγαιον
711 1621 851 1683 καινοῦν
864 1624 910 1707 τῷ
930 1616 1038 1711 λόγρι,
1060 1619 1116 1709 νόρ

129 1716 164 1782 δὲ
181 1713 264 1781 ἀλλα
280 1720 508 1799 μηχανᾶσθαι·
533 1714 719 1781 καλέσασαν
732 1714 772 1781 δέ
777 1738 836 1800 μιν
847 1715 1116 1801 Αἱγυπτίσντούς

129 1814 270 1898 μάλιστα
295 1817 480 1897 μεταιτίους
504 1816 565 1877 τοῦ
576 1809 686 1894 φόνον
712 1808 804 1898 ᾔδεε,
838 1810 985 1892 πολλούς
1010 1816 1116 1897 ἱστιᾶν,

130 1912 358 1994 δαινυμένοισι
377 1908 413 1975 δὲ
434 1909 560 1975 ἐπεῖναι
576 1904 636 1973 τόν
652 1903 801 1990 ποταμόν
817 1904 862 1972 δι’
879 1903 1032 1989 αὐλῶνος
1045 1934 1117 1995 κρυ-

129 2012 213 2072 πτοῦ
229 2004 385 2091 μεγάλου.
414 2003 534 2089 ταύτης
551 2001 612 2088 μὲν
627 2003 702 2089 πέρι
722 2008 865 2069 τοσαῦτα
881 2007 1016 2091 ἔλεγον,
1041 2003 1116 2093 πλὴν

128 2101 179 2168 ότι
203 2099 309 2187 αὐτόν
333 2125 408 2187 μιν,
437 2098 480 2176 ὡς
500 2105 597 2166 τοῦτο
623 2101 933 2186 έξέργαστο,’ῥίψαι
953 2103 987 2179 ές
1008 2112 1116 2189 οἱκημι

63 2201 108 2252 101
128 2201 255 2265 σποδοῦ
272 2197 384 2280 πλέον,
399 2195 485 2274 ὅκως
496 2193 700 2282 ἀτιμιόρητος
710 2198 854 2282 γένηται.
881 2202 957 2264 Τῶν
969 2199 1008 2268 δέ
1018 2198 1117 2269 ἀλλον

127 2296 309 2380 βασιλέων,
336 2290 378 2360 ού
402 2290 466 2381 γάρ
495 2299 610 2378 ἔλεγον
636 2290 795 2377 οὐδεμίαν
823 2299 931 2379 ἔργων
958 2293 1116 2383 ἀπόδεξιν,

126 2390 200 2457 κατ’
218 2389 319 2458 οὐδὲν
336 2388 419 2457 εἶναι
440 2389 683 2477 λαμπρότητος,
709 2386 797 2474 πλὴν
811 2386 886 2469 ένός
905 2398 968 2459 τοῦ
989 2395 1116 2481 έσχόιου

128 2485 240 2565 αὐτῶν
260 2492 449 2573 Μοίριος.
487 2491 608 2553 τούτου
626 2486 662 2553 δέ
683 2483 908 2569 ἀποδέξασθαι
927 2493 1117 2579 μνημόσυνα

128 2589 187 2651 τοῦ
195 2581 380 2666 Ἡφαίστου
395 2580 435 2649 τά
450 2580 534 2668 πρός
547 2584 671 2669 βορέην
686 2581 812 2668 ἀνεμον
822 2590 1029 2673 τετραμμένα
1042 2612 1117 2677 προ-

126 2679 268 2762 πύλαια,
293 2685 415 2764 λίμνην
438 2706 472 2746 τε
496 2677 629 2766 ὀρύξαι,
654 2686 710 2766 τῆς
733 2678 752 2765 ἡ
774 2703 836 2767 περ
837 2682 971 2761 ἱοδος’
948 2703 1042 2753 οσων
1060 2689 1118 2755 ἐστὶ

126 2772 306 2842 σταδίων
290 2773 431 2860 ύστερον
446 2777 601 2862 δηλιόσοο,
628 2781 814 2863 πυραμίδας
828 2804 863 2846 τι
883 2780 977 2847 ἐν’
935 2791 1021 2873 αυτῇ
1037 2790 1122 2853 οἱκο-

126 2875 285 2958 δομησαι,
311 2878 379 2939 τάν
396 2878 456 2939 τοῦ
477 2872 643 2959 μεγάθεος
664 2876 739 2959 πέρι
759 2871 844 2960 ὁμοῦ
861 2872 946 2966 αὐτῇ
966 2886 1008 2968 τῇ
1028 2888 1119 2971 λίμνη

125 2967 355 3056 ἐπιμνήσομαι.
381 2975 501 3036 τούτου
515 2970 577 3056 μέν
591 2977 735 3038 τοσαῦτα
749 2969 994 3064 ἀποδέξασθαι,
1008 2986 1076 3049 τῶν
1088 2980 1120 3049 δέ

60 3086 108 3138 102
124 3069 236 3138 ἀλλων
250 3067 373 3138 οὐδένα
389 3068 498 3138 οὐδέν.
530 3065 873 3158 Παραμειψόμενος
846 3098 895 3141 σου
909 3073 1051 3156 τούτους
1065 3084 1120 3145 τού

127 3168 179 3233 έπὶ
203 3167 350 3235 τούτοισι
374 3169 559 3254 γενομένου
582 3172 752 3256 βασιλέος,
774 3196 819 3260 τρο
841 3170 971 3261 οὔνομα
994 3166 1039 3263 ἦν
1052 3178 1120 3245 Σέ-

127 3282 321 3349 σωστρις,
347 3264 470 3333 τούτου
493 3264 628 3354 μνήμην
653 3265 843 3355 ποιήσομαι.
872 3267 934 3338 τόν
954 3277 1070 3361 ἔλεγον
1091 3274 1121 3341 οἱ

127 3364 211 3445 ἱρέες
226 3367 359 3444 πρῶτον
379 3364 440 3445 μέν
460 3370 604 3432 πλοίοισι
625 3379 779 3449 μακροῖσι
801 3363 994 3451 ὁρμηθέντα
1010 3370 1048 3438 έιι
1064 3374 1120 3437 τοῦ
