2354 3840
95 192 136 254 42
469 197 717 253 HERODOTl

95 352 229 431 Λυδούς
244 358 277 432 ἐς
290 355 400 439 μάχην
413 356 655 439 τασσομένους,
676 352 936 440 καταρρωδήσας
955 348 1019 439 τήν
1040 352 1093 417 h·

94 475 176 535 πον,
215 454 291 518 ἐποί
276 457 347 538 ίησε
371 450 542 538 Ἁρπάγου
568 449 784 537 ὑποθεμένου
816 447 940 538 ἀνδρὸς
970 442 1102 568 λιληίδοιμ
1134 450 1137 543 J

94 545 277 615 voc6v6s·‘'
256 551 384 636 οσαιτῷ
394 551 523 636 στρατῷ
534 573 582 632 τφ
567 548 771 616 έωυτοῦ”
738 574 870 618 ειποντο
881 543 1137 666 σιτοφόρμιειΙΙ

94 646 149 712 καί
164 644 367 732 σκευοφόροι
381 646 541 732 κάμηλοι,
556 646 678 723 ταύτας
692 645 800 722 πάσας
814 642 930 722 ἁλίσας
943 639 1033 711 κάλ’
1014 664 1106 711 ἀπ’
1135 704 1137 739 =

93 740 164 810 λάυ
176 739 217 809 τά
232 742 337 828 άχθεα
351 741 475 828 ἀνδρας
489 740 567 811 ἐπ”
558 739 661 822 αὐτάς
675 741 817 830 ἀνέβησε
830 743 957 811 ίππάδα
973 735 1101 826 στολὴ

94 841 331 926 ἐσταλμένους,
353 842 518 920 σκευάσας
539 842 575 910 δέ
586 839 713 920 -αάτούς
727 845 907 929 προσέταξε
920 848 978 958 τής
994 837 1107 927 ἄλλης,

95 944 248 1024 στρατνῆς
267 941 420 1024 προϊέναι
436 935 519 1023 πρδς
536 937 600 1026 τήν
612 944 790 1025 Κροίσου“
775 965 895 1027 ιππον,
915 944 957 1027 τῇ
974 936 1016 1004 66
1035 960 1102 1011 κω,

95 1034 188 1126 μήλῳ
210 1038 350 1103 ἕπεσθαι
371 1034 432 1105 τὸν
451 1036 551 1119 πεζὸν
572 1034 716 1124 στρατὸν
737 1041 885 1123 ἐκέλευε,
914 1033 1041 1103 ὄπισθε
1051 1028 1100 1100 66·

95 1138 156 1199 τοῦ
177 1138 278 1213 πεζοῦ
302 1132 485 1214 ἐπέταξε
448 1161 511 1221 την
527 1142 639 1202 πᾶσαν
653 1138 766 1202 ἵππον.
799 1131 843 1212 ὡς
866 1134 956 1201 δέοί
973 1112 1098 1211 πάντες

96 1229 319 1316 διετετάχατο,
340 1238 521 1318 παραίνεσε
534 1238 602 1298 τῶν
616 1230 679 1318 μέν
694 1230 806 1299 σίλλων
819 1234 943 1299 Λυδων
959 1223 1006 1315 μὴ
1021 1250 1093 1312 φα·

91 1327 257 1408 Υδομένους
287 1333 429 1395 κτείνειν
466 1329 576 1396 πάντα
615 1324 675 1395 τδν
710 1326 866 1414 ἐμποδών
900 1327 1093 1414 γινόμενον,

95 1429 243 1508 Κροίσου
259 1423 295 1489 δὲ
310 1421 415 1492 αάτδν
430 1421 473 1511 μή
490 1433 649 1510 κτείνειν,
663 1427 746 1512 μηδὲ
759 1421 803 1512 ἢν
818 1423 1094 1513 συλλαμβανόμε-
1111 1432 1116 1439 “

95 1547 154 1597 νος
169 1517 344 1605 ἀμύνηται.
374 1529 479 1588 ταῦτα
494 1523 557 1607 μέν
570 1529 768 1609 παραίνεσε,
789 1519 848 1599 τάς
868 1523 903 1588 δὲ
924 1520 1093 1608 καμήλους

96 1621 187 1694 ἔταξε
208 1613 305 1682 ἀντία
324 1623 382 1703 τῆς
402 1615 507 1685 ἵππου
522 1623 628 1685 τάνδε
646 1621 791 1686 εἵνεκεν·
824 1619 975 1738 κάμηλον
994 1620 1095 1693 ’ίπκῠλ

95 1717 268 1801 φοβέεται,
284 1711 393 1781 κάλ’
353 1740 416 1782 ουκ
434 1712 641 1801 ἀνέχεται”
598 1742 676 1784 οντε
686 1713 748 1802 τὴν
753 1719 855 1838 ἰδέην
872 1713 974 1801 αὐτῆς
987 1711 1097 1800 ὁρέων

94 1915 222 1980 εἵνεκεν
243 1911 492 1999 έσεσόφιστο,,”
476 1939 533 1979 ινα
557 1939 603 2002 τφ
588 1869 783 2004 Κροίσφ’
769 1911 934 1999 ἀχρήστου
947 1906 969 2000 6
982 1937 1024 1979 το
1010 1908 1096 1985 ἱπ-

93 2005 211 2093 πικόν,
231 2016 283 2098 τῷ
300 2010 341 2128 δή
363 2035 393 2077 τι
413 2036 469 2079 και
458 2011 590 2094 ἐπεῖχε
605 2006 863 2096 ἐλλάμψεσθαι
847 2036 866 2077 ο
881 2008 1005 2087 Λυδός.
1051 2002 1099 2085 ὦς’

94 2108 131 2176 δὲ
152 2113 207 2175 καὶ
229 2108 395 2194 συνήισαν
416 2110 449 2186 ἐς
468 2104 532 2194 τήν
546 2108 671 2195 μάχην,
693 2105 886 2177 ἐνθαῦτα
864 2135 909 2186 ως
922 2105 1096 2193 ὅσφραντν

92 2207 228 2290 τάχιστα
248 2211 315 2273 τῶν
335 2205 495 2292 καμήλων
509 2209 544 2274 oc
555 2208 652 2273 ἵπποι
666 2209 720 2276 καὶ
737 2200 886 2274 είδον’
844 2202 964 2292 αυτάς,
987 2200 1096 2275 ὀπίσω

93 2305 310 2390 ἀνέστρεφον,
328 2305 515 2391 διέφθαρτό
529 2330 564 2370 τε
579 2311 625 2395 τῷ
639 2303 808 2395 Κροίσμή
826 2308 925 2383 ἐλπίς.
956 2300 1000 2372 οὐ
1014 2306 1097 2390 μέν·
1123 2320 1126 2325 ’

92 2430 144 2472 τοι
160 2406 244 2486 οἵγε
257 2405 364 2468 Λυδοὶ
377 2398 415 2467 τδ
437 2405 599 2470 ἐνθεῦτεν
621 2405 724 2472 δειλοὶ
737 2397 840 2491 ἦσαν,
863 2400 930 2471 ἀλλ’
954 2399 999 2480 ὡς
1014 2407 1099 2490 64oe-
1116 2402 1120 2407 ’

91 2510 160 2567 θον
179 2496 216 2567 τὸ
238 2497 437 2585 γινόμενον,
457 2497 689 2587 ἀποθορόντες
708 2497 774 2569 ἀπὸ
796 2507 863 2567 τῶν
877 2503 990 2567 ἵππων
1004 2500 1094 2581 πεζοί

92 2614 177 2666 τοῖσι
192 2601 342 2684 Πέρσησι
365 2601 562 2690 συνέβαλον.
606 2599 717 2688 χρόνῳ
734 2601 771 2666 δὲ
792 2597 964 2666 πεσόντων
980 2593 1096 2684 ἀμφο-

91 2699 197 2779 τέρων
218 2701 353 2763 πολλάν
374 2694 555 2778 ἐτράποντο
582 2700 616 2763 oi
632 2699 757 2781 Λυδοὶ,
784 2699 1038 2781 κατειληθέντες
1058 2694 1116 2767 δέ·

94 2797 126 2871 ἐς
141 2791 178 2861 τδ
192 2806 297 2877 τεῖχος
312 2793 562 2876 ἐπολιορκέοντο
578 2789 644 2859 ὑπὸ
659 2800 728 2861 τάν
741 2796 909 2879 Περσέων.

54 2907 82 2962 λι
182 2897 275 2957 Τοῖσι
301 2889 363 2972 μὲν
388 2885 428 2974 δή
453 2889 649 2976 κατεστήκεε
676 2895 867 2976 πολιορκίη,
892 2884 1098 2976 Κροίσοςδλ

92 2990 220 3054 δοκέων
240 2989 274 3051 oc
291 2984 416 3069 χρόνον
438 2987 491 3052 ἐπὶ
511 2983 642 3072 μακρὸν
663 2991 800 3053 ἔσεσθαι
820 2982 883 3072 τήν
895 2991 1096 3072 πολιορκίην
1127 3044 1130 3049 .

91 3089 215 3168 ἔπεμπε
236 3083 272 3149 ἐκ
293 3086 354 3147 τοῦ
377 3088 499 3165 τείχεος
515 3079 638 3159 ἀλλους
654 3079 816 3168 ἀγγέλους
837 3086 871 3160 ἐς
887 3077 946 3160 τάς
960 3102 1096 3168 συμμα-

88 3186 169 3263 χίας.
211 3182 244 3244 οί
267 3179 329 3263 μὲν
353 3174 419 3263 γάρ
445 3178 610 3264 πρότερον
634 3183 855 3265 διεπέμποντο
880 3183 916 3258 ἐς
942 3182 1097 3264 πέμπτον

88 3282 178 3361 μῆνα
199 3276 414 3361 προερέοντες
435 3277 658 3360 συλλέγεσθαι
679 3279 712 3356 ἐς
732 3277 878 3364 Σάρδις,
899 3276 1044 3355 τούτους
1058 3276 1112 3347 δέ’

89 3373 246 3458 ἐξέπεμπε
260 3370 322 3459 τήν
338 3381 495 3461 ταχίστην
509 3378 646 3444 δέεσθαι
673 3380 819 3459 βωθέειν
835 3375 879 3457 ὡς
894 3386 1093 3449 πολιορκεο-
1125 3394 1129 3399 “
