2340 3832
343 219 427 279 ΗΒ.
459 224 505 278 lV.
550 223 645 279 cAP.
677 231 800 288 8-11.
1010 231 1072 293 299

71 369 204 441 καὶτὸν
227 379 374 462 ζωστῆρα
398 381 604 464 προδέξαντα
625 389 833 467 παραδοῦναι
856 385 893 455 τό
915 388 1013 468 τόξον
1035 417 1072 458 τε

71 471 126 538 καλ
139 466 200 538 τόν
211 476 358 559 ζωστῆρα
373 479 490 560 ἔχοντα
501 473 552 543 ἐπ’
570 475 675 563 άκρης
686 486 744 566 τῆς
758 492 927 572 συμβολῆς
944 487 1071 572 φιάλην

69 573 230 658 χρυσέην,
250 571 353 641 δόντα
368 575 404 642 δὲ
420 573 711 665 ἀπαλλάσσεσθαι,
733 578 860 669 τὴνδ’,
884 586 958 651 ἐπεί
969 589 1003 652 οι*
1013 611 1071 670 γε-

69 672 233 757 νομένους
243 668 323 750 τούς
337 678 456 752 παῖδας
465 672 699 761 ἀνδρωθῆναι,
711 684 811 744 τοῦτο
821 683 883 764 μέν
895 699 956 766 σφι
968 679 1070 751 ούνό·

68 795 154 855 ματα
175 770 320 853 θέσθαι,
341 771 465 861 πφδ-μὲν
483 768 696 858 Ἀγάθυρσον
717 771 846 862 αὐτῶν,
869 784 914 867 τῷ
936 775 968 844 δ’
992 782 1069 846 έπο-

68 871 160 957 μένφ
175 870 349 954 Γελωνόν,
374 870 522 955 Σκύθην
542 870 579 937 δὲ
591 877 637 959 τῷ
654 870 824 963 νεωτάτφ,
847 882 947 942 τοῦτο
961 877 998 943 δὲ
1012 883 1069 962 τῆς

69 969 241 1051 ἐπιστολῆς
261 971 475 1053 μεμνημένην
495 964 602 1054 αὐτὴν
621 975 757 1054 ποιῆσαι
776 967 817 1037 τά
838 973 1065 1058 ἐντεταλμένα.

55 1063 124 1145 καὶ
138 1058 178 1148 δὴ
195 1063 257 1129 δύο
277 1066 339 1148 μέν
359 1068 393 1147 ολ
403 1071 472 1132 τῶν
488 1069 634 1152 παίδων,
655 1065 716 1132 τόν
730 1091 766 1132 τε
783 1064 996 1155 Ἀγάθυρσον
1012 1073 1067 1138 καὶ

67 1157 128 1226 τόν
142 1162 315 1247 Γελωνόν,
337 1159 400 1229 οὐκ
420 1166 513 1240 οἵους
531 1188 567 1229 τε
581 1166 783 1247 γενομένους
797 1167 963 1244 ἐξικέσθαι
984 1167 1067 1252 πρὸς
1123 1234 1131 1239 ,
1154 1204 1157 1209 ·

66 1256 127 1325 τόν
142 1265 363 1346 προκείμενον
377 1258 513 1342 ἀεθλον,
525 1269 675 1344 οἴχεσθαι
690 1264 727 1327 ἐκ
743 1269 800 1347 τῆς
820 1264 930 1350 χώρης
947 1270 1064 1353 ἐκβλη-

66 1359 189 1436 θέντας
212 1355 279 1425 ὑκδ
302 1365 360 1444 τῆς
381 1359 595 1443 γειναμένης,
611 1355 683 1425 τόν
706 1359 742 1425 δέ
764 1359 932 1428 νεάτατον
954 1359 1065 1429 αὐτῶν

66 1454 214 1541 Σκύθην
229 1457 460 1524 ἐπιτελέσαντα
474 1467 667 1539 καταμεῖναι
685 1456 722 1521 ἐν
737 1462 777 1544 τῇ
793 1457 892 1545 χάρη.
928 1462 983 1526 καλ
999 1457 1064 1526 ἀπό
1162 1482 1164 1486 “

67 1553 130 1637 μὲν
144 1553 290 1620 Σκύθεω
303 1561 364 1620 τοῦ
380 1551 560 1637 Ἡρακλέος
572 1556 731 1637 γενέσθαι
741 1550 821 1632 τούς
835 1557 897 1623 αἰεὶ
911 1558 1065 1643 βασιλέας

66 1653 265 1736 γινομένους
277 1651 463 1735 Σκυθέων,
479 1645 544 1715 ἀπδ
560 1651 596 1715 δέ
608 1655 666 1735 τῆς
677 1649 799 1735 φιάλης
814 1656 861 1719 ἔτι
877 1655 932 1720 καὶ
943 1656 976 1730 ἐς
988 1654 1064 1721 τόδε

66 1747 189 1835 φιάλας
205 1749 241 1814 ἐκ
256 1753 325 1814 τάν
346 1746 523 1834 ζωστήρων
537 1749 674 1833 φορέειν
689 1749 841 1826 Σκύθας.
856 1747 907 1836 [τό
922 1748 962 1836 δὴ
978 1758 1064 1836 μού-

64 1871 128 1911 νον
142 1846 399 1933 μηχανήσασθαι
413 1842 475 1931 τὴν
488 1846 612 1930 μητέρα
627 1844 773 1932 Σκύθηλ,
783 1853 885 1911 ταῦτα
901 1847 936 1911 δὲ
948 1844 1063 1931 Ἐλλή-

64 1970 135 2011 νων
151 1948 186 2011 οέ
197 1943 259 2011 τόν
273 1945 408 2012 Πόντον
422 1947 586 2021 οἰκέοντες
599 1945 742 2028 λέγουσι,

138 2042 235 2112 Ἔστι
246 2047 282 2110 δὲ
299 2043 353 2110 καὶ
367 2040 466 2121 ἀλλος
480 2044 579 2128 λόγος
594 2047 678 2127 έχων
693 2033 773 2126 άδε,
790 2047 836 2131 τῷ
850 2043 990 2127 μάλιστα
1005 2052 1061 2110 λε·
1079 2071 1103 2122 11

62 2144 193 2233 γομένφ
209 2139 310 2220 αύτός
324 2141 542 2228 πρόσκειμαι,
560 2139 702 2216 Σκύθας
718 2136 797 2216 τούς
811 2138 960 2225 νομάδας
974 2141 1061 2206 οἰκέ-

62 2266 161 2317 οντας
176 2241 213 2305 ἐν
224 2246 266 2327 τῇ
276 2236 368 2326 Ἀσίη
382 2239 516 2327 πολέμφ
525 2239 723 2313 πιεσθέντας
734 2233 800 2302 ὑπὸ
813 2241 1060 2322 Μασσαγετέων

61 2345 212 2420 οἴχεσθαι
224 2337 404 2422 διαβάντας
414 2333 564 2421 ποταμόν
575 2332 714 2418 Ἀράξην
721 2335 848 2418 έπλ·γῆν
859 2333 921 2420 τὴν
932 2343 1059 2421 Κιμμε-

61 2528 205 2598 παλοιιόν
220 2530 304 2598 εἷναι
320 2536 546 2619 Κιμμερίων),
567 2527 646 2607 τούς
668 2529 703 2595 δὲ
720 2535 925 2615 Κιμμερίους
946 2531 1059 2598 ἐπιόν-

59 2653 128 2694 των
142 2631 310 2695 Σκυθέων
324 2629 565 2714 βουλεύεσθαι,
582 2624 626 2704 ὡς
637 2633 779 2711 στρατοῦ
790 2626 941 2706 ἐπιόντος
955 2630 1059 2715 μεγά-

58 2734 138 2811 λου,
156 2727 210 2792 καὶ
225 2724 266 2811 δὴ
282 2724 339 2805 τάς
352 2728 488 2813 γνάμας
499 2728 614 2813 σφέων
624 2728 883 2813 κεχωρισμένας,
899 2729 1056 2805 ἐντόνους

58 2824 121 2907 μὲν
137 2817 341 2909 ἀμφοτέρας,
364 2821 490 2909 ἀμείνω
511 2824 547 2890 δὲ
560 2819 703 2907 τὴντῶν
717 2824 898 2907 βασιλέων·
919 2821 981 2908 τὴν
995 2822 1056 2906 μὲν

57 2918 123 3006 γάρ
138 2917 178 3005 δὴ
193 2927 256 2987 τοῦ
272 2921 380 3007 δήμου
402 2924 518 3004 φέρειν
538 2920 694 3006 γνωμην,
717 2915 761 2995 ὡς
783 2915 1055 2985 ἀπαλλάσσεσθαι

56 3022 192 3101 πρῆγμα
210 3025 260 3099 εἴη
284 3015 369 3100 μηδέ
393 3013 478 3103 πρός
495 3015 640 3094 πολλούς
664 3016 741 3082 δέον
754 3019 915 3099 μένοντας
937 3019 1054 3082 κινδυ·

57 3116 187 3201 νεύειν,
206 3114 268 3200 τὴν
283 3117 319 3182 δὲ
333 3123 401 3182 τῶν
414 3118 578 3203 βασιλέων
592 3115 812 3200 διαμάχεσθαι
828 3116 903 3198 περὶ
917 3121 974 3200 τῆς
987 3114 1053 3200 χά-

56 3243 116 3303 ρης
136 3227 221 3282 τοῖσι
241 3216 381 3282 ἐπιοῦσι.
414 3212 476 3282 οὐκ
494 3207 544 3281 ἀν
564 3212 604 3298 δὴ
627 3216 757 3281 ἐθέλειν
779 3219 959 3282 πείθεσθαι
976 3213 1053 3284 οὔτε
1127 3242 1131 3249 ·

55 3327 139 3380 τοῖσι
155 3320 329 3399 βασιλεῦσι
345 3310 406 3379 τόν
420 3316 527 3399 δῆμον
542 3311 620 3380 οὔτε
633 3318 680 3401 τῷ
695 3312 788 3401 δήμω
799 3310 878 3392 τούς
888 3317 1050 3399 βασιλέας.

55 3407 134 3487 τούς
150 3409 212 3493 μὲν
233 3408 273 3495 δὴ
292 3409 564 3478 ἀπαλλάσσεσθαι
587 3411 815 3498 βουλεύεσθαι
836 3409 984 3496 Qum&
998 3412 1065 3489 ’όκρι
1121 3422 1126 3431 “
