2354 3840
313 206 399 262 ΗΒ.
434 208 455 263 1.
489 208 586 264 σΑε.
621 214 794 270 ιιοκιοο.
1010 207 1051 271 67

47 351 103 416 καὶ
129 345 236 434 λόγου
264 344 403 427 οὐδενὸς
428 348 593 437 γινόμεθα
621 349 707 436 πρὸς
732 357 909 441 Περσέων,
942 354 1053 433 ἐόντες

48 451 169 524 ξεῖνοι·
205 447 262 512 σέο
283 442 312 511 6’
334 447 531 526 ἐνεστεῶτος
550 452 719 536 βασιλέος,
742 450 855 532 ἐόντος
876 450 1051 538 πολιήτεω,

46 539 140 611 καὶ”
117 566 265 628 αργομεν
284 539 322 608 τό
343 544 444 660 μέρος
465 546 520 613 καὶ
534 542 630 630 τιμάς
643 542 729 632 πρὸς
748 549 803 615 σέο
819 548 998 666 μεγάλας
980 574 1052 633 εχο·

47 666 119 728 μεν.
161 638 251 708 οὕτω
271 630 321 709 τόν
343 638 478 720 πάντως
496 638 578 728 ἡμῖν
600 643 656 709 σέο
679 668 715 710 τε
736 646 844 712 καί
805 670 862 731 της
876 652 935 731 σῆς
952 641 1053 760 άρχης

47 740 238 824 προακτέον
253 739 330 806 έστί.
366 741 421 807 καὶ
434 745 501 806 νῦν
517 744 547 806 εί
566 738 715 826 φοβερόν
731 766 762 807 τι
778 740 973 826 ένοιρέομευ,
985 747 1053 808 πᾶν
1115 766 1118 771 ·

47 843 90 913 όν
102 863 159 913 σοι
171 840 435 930 προεφράζομεν.
473 849 540 910 νῦν
562 845 599 910 δὲ
620 839 876 930 ἀποσκήψαντος
896 868 958 910 του
944 844 1054 910 ένυ-

46 950 150 1012 πνίου
176 945 209 1021 ές
236 948 391 1029 φλαῦρον
417 937 518 1009 αὐτοί
539 966 575 1008 τε
596 944 788 1028 θαρσέομεν
812 945 867 1008 καί
888 942 940 1008 σοὶ
957 943 1052 1029 ἕτερα

47 1048 186 1112 τοιαῦτα
217 1037 534 1126 παρακελευόμεθα·
576 1037 637 1106 τόν
672 1041 708 1106 66
739 1046 841 1107 παῖδα
872 1046 994 1107 τοῦτον
1019 1041 1053 1120 ἐξ

48 1140 240 1230 ὀφθαλμῶν
260 1135 456 1226 ἀπόπεμψαι
478 1143 511 1219 ές
527 1143 660 1226 Πέρσας
681 1165 716 1206 τε
731 1139 879 1219 καὶτοὺς
896 1141 1051 1233 γειναμέ-

47 1266 138 1320 νους
179 1236 341 1318 Ἀκούσας
359 1236 495 1306 ταῦταὸ
514 1235 698 1322 Ἀστυάγης
713 1235 814 1322 ἐχάρη
831 1263 867 1305 τε
884 1242 939 1306 καὶ
955 1242 1054 1306 καλέ·
1072 1250 1120 1305 121

47 1361 107 1418 σας
126 1335 191 1406 τόν
210 1344 328 1423 Κῦρον
348 1339 494 1423 έλεγέοί
480 1334 606 1404 ίτάδε·
643 1328 775 1421 Quat,
798 1333 914 1422 σέγόιρ
931 1330 1050 1421 έγώδί

47 1433 128 1518 ὅφιν
152 1432 288 1520 ὀνείρου
309 1433 350 1503 οό
365 1437 481 1522 τελέην
501 1432 654 1527 ἠδίκεον,
677 1440 718 1522 τῇ
736 1440 885 1501 σεωυτοῦ
901 1438 937 1501 δέ
952 1458 1051 1552 μοιρη

18 1519 33 1623 ί
47 1540 188 1623 περίεις,
204 1541 270 1602 νῦν
286 1526 334 1602 οἷν
350 1543 402 1602 ίθι
418 1536 544 1620 ’χ’ᾱίρων
555 1526 593 1611 ές
608 1535 752 1620 Πέρσας,
766 1555 921 1618 πομπους
936 1527 968 1598 6
987 1526 1049 1616 έγά

48 1634 115 1723 ἅμα
134 1640 263 1757 πέμηοο.
304 1633 416 1704 έλθών
436 1639 473 1704 δὲ
492 1638 562 1704 έκεῑ
578 1635 704 1754 πατέρα
726 1658 761 1700 τε
782 1634 838 1701 καί
853 1630 1029 1719 μητέρα’
995 1658 1053 1699 ευ-

48 1735 161 1824 ρήσεις
182 1733 224 1802 06
244 1732 327 1802 κατά
349 1734 572 1821 Μιτραδάτην
589 1759 624 1801 τε
645 1730 706 1799 τόν
728 1730 897 1818 βουκόλον
916 1728 1052 1816 κοίτην

48 1846 192 1920 γυναῖκα
208 1829 323 1899 αὐτοῦ.

134 1938 247 1998 Ταῦτα
268 1939 363 2010 εἴπας
385 1927 404 1999 6
423 1928 605 2018 Ἁστυάγης
629 1929 818 2016 ἀποπέμπει
840 1929 899 1998 τόν
921 1938 1048 2017 Κῦρον.
1071 1944 1121 1997 12²

47 2028 257 2116 νοστήσαντα
273 2029 313 2096 δέ
324 2054 384 2114 μιν
401 2031 434 2107 ές
450 2036 512 2096 τοῦ
526 2027 717 2114 Καμβύσεω
733 2025 774 2094 τοὶ
792 2033 880 2095 οἰκία
898 2032 1052 2108 ἐδέξαντο

47 2134 80 2198 oc
96 2124 308 2214 γεινόμενοι,
338 2127 394 2194 καὶ
415 2125 589 2211 δεξάμενοι
616 2122 660 2203 ὡς
686 2122 873 2211 ἐπύθοντο,
900 2125 1052 2213 μεγάλως

45 2218 290 2313 ἠσπάζοντοῖ
255 2248 308 2289 οα
329 2221 369 2309 δὴ
391 2220 603 2308 ἐπιστάμενοι
618 2217 738 2288 αὐτίκα
751 2220 827 2289 τότε
847 2232 1051 2311 τελευτῆσαι,

45 2318 201 2406 ίστόρεόν
220 2345 273 2405 τε,
295 2317 378 2410 ότεφ
394 2316 508 2407 τρόπςο
523 2321 741 2403 περιγένοιτο.
786 2348 803 2385 ο
791 2314 859 2385 ὰέ
871 2339 932 2404 σφι
948 2325 1050 2406 έλεγε,

26 2419 90 2521 ί
45 2446 113 2506 φας
126 2417 193 2503 πρὸ
208 2441 270 2484 του
255 2420 346 2503 μὲν
363 2414 425 2484 οὐκ
443 2419 582 2500 εἰδέναι,
603 2413 688 2483 ἀλλά
709 2412 936 2540 ἡμαρτηκέναι
958 2412 1053 2519 πλεῖ-Ξ

44 2537 138 2604 στον,
153 2542 215 2584 κατ
211 2511 321 2584 ’ὁδόν
335 2514 372 2582 δὲ
385 2517 560 2582 πυθέσθαι
575 2520 686 2580 πᾶσαν
700 2541 763 2601 την
779 2518 908 2583 ἑαυτοῦ
922 2502 1049 2604 πάθην.

45 2623 245 2690 ἐπίστασθαι
261 2619 324 2702 μὲν
343 2613 426 2702 γάρ,
450 2613 494 2695 ὡς
515 2614 686 2703 βουκόλου
707 2622 768 2683 τοῦ
790 2613 1051 2706 Ἀστυάγεοςείη

43 2731 139 2801 ταῖς,
165 2712 231 2783 άπὸ
259 2715 295 2781 δέ
318 2720 376 2800 τῆς
397 2717 529 2782 έκείθεν
544 2711 627 2783 6606
647 2713 709 2782 τόν
728 2713 839 2783 πάντα
859 2716 962 2803 λόγον
983 2725 1051 2785 τῶν

43 2818 190 2899 πομπῶν
214 2813 398 2880 πυθέσθαι.
438 2819 607 2899 τραφῆναι
633 2815 669 2880 66
697 2819 789 2900 ἔλεγε
814 2812 881 2884 ὑπὸ
906 2824 965 2903 τῆς
989 2822 1050 2884 τοῦ

42 2906 215 2997 βουκόλου
228 2907 407 2995 γυναικός,
429 2908 482 2996 ἤιέ
500 2937 536 2977 τε
555 2911 682 2997 ταύτην
703 2915 825 2980 αίνέων
840 2913 896 2981 διὰ
910 2911 1047 2996 παντὸς,

41 3003 88 3096 ἦν
106 3009 146 3075 τέ
163 3012 197 3075 οί
215 3010 253 3075 έν
269 3015 316 3098 τῷ
336 3007 426 3099 λόγφ
447 3006 488 3075 τὰ
509 3009 618 3076 πάντα
631 3008 654 3097 ἡ
669 3009 782 3079 Κυνώ.
828 3017 862 3079 οί
880 3013 917 3081 δὲ
937 3015 1049 3090 τοκέες

41 3103 296 3195 παραλαβόντες
314 3103 353 3175 τό
375 3103 504 3192 οὔνομα
524 3115 641 3194 τοῦτο,
665 3113 723 3175 ἳνα
743 3113 924 3195 θειοτέρως
950 3115 1050 3201 δοκέη

40 3220 131 3275 τοῖσι
149 3207 299 3294 Πέρσησι
321 3212 488 3291 περιεῖναί
506 3227 567 3293 σφι
583 3203 601 3275 6
617 3222 711 3293 παῖς,
733 3212 917 3296 κατέβαλον
935 3212 1049 3298 φάτιν,

42 3303 89 3385 ὡς
108 3307 303 3391 ἐκκείμενον
317 3311 434 3391 Κῦρον
457 3304 551 3372 κάων
571 3307 739 3391 ἐξέθρεψε.
776 3308 937 3377 ἐνθεῦτεν
951 3305 1048 3395 μέυη

41 3403 144 3527 φάτις
161 3401 247 3490 αὕτη
261 3401 439 3490 κεχώρηκε
484 3402 589 3493 Κόρφ
607 3407 644 3472 δὲ
658 3401 884 3550 άνδρευμένιμ5
891 3409 944 3529 ηαὶ
960 3406 1050 3473 έόντι
1068 3423 1120 3478 12³
