<?xml version="1.0" encoding="UTF-8"?>
<!DOCTYPE html PUBLIC "-//W3C//DTD XHTML 1.0 Transitional//EN"
    "http://www.w3.org/TR/xhtml1/DTD/xhtml1-transitional.dtd">
<html xmlns="http://www.w3.org/1999/xhtml" xml:lang="en" lang="en">
 <head>
  <title>
</title>
<meta http-equiv="Content-Type" content="text/html;charset=utf-8" />
  <meta name='ocr-system' content='tesseract 3.04.00' />
  <meta name='ocr-capabilities' content='ocr_page ocr_carea ocr_par ocr_line ocrx_word'/>
</head>
<body>
  <div class='ocr_page' id='page_1' title='image "./herodotihistori03herogoog_0172.png"; bbox 0 0 2354 3840; ppageno 0'>
   <div class='ocr_carea' id='block_1_1' title="bbox 342 201 1069 272">
    <p class='ocr_par' dir='ltr' id='par_1_1' title="bbox 342 201 1069 272">
     <span class='ocr_line' id='line_1_1' title="bbox 342 201 1069 272; baseline -0.007 0"><span class='ocrx_word' id='word_1_1' title='bbox 342 213 732 272; x_wconf 70' lang='lat' dir='ltr'><strong>Llss.11.cAP.ae-</strong></span> <span class='ocrx_word' id='word_1_2' title='bbox 741 215 785 269; x_wconf 79' lang='lat'><strong><em>89</em></strong></span> <span class='ocrx_word' id='word_1_3' title='bbox 1007 201 1069 268; x_wconf 79' lang='grc'><strong><em>157</em></strong></span> 
     </span>
    </p>
   </div>
   <div class='ocr_carea' id='block_1_2' title="bbox 53 367 1139 3512">
    <p class='ocr_par' dir='ltr' id='par_1_2' title="bbox 53 367 1139 3501">
     <span class='ocr_line' id='line_1_2' title="bbox 63 367 1069 494; baseline -0.01 -51"><span class='ocrx_word' id='word_1_4' title='bbox 63 381 148 494; x_wconf 79' lang='grc' dir='ltr'><strong><em>κηίμ</em></strong></span> <span class='ocrx_word' id='word_1_5' title='bbox 164 367 260 451; x_wconf 81' lang='grc' dir='ltr'><strong><em>αὖτις</em></strong></span> <span class='ocrx_word' id='word_1_6' title='bbox 274 373 449 458; x_wconf 76' lang='grc' dir='ltr'><strong><em>διηθέουσι</em></strong></span> <span class='ocrx_word' id='word_1_7' title='bbox 462 367 652 490; x_wconf 72' lang='grc' dir='ltr'><em>θυμιήμασι</em></span> <span class='ocrx_word' id='word_1_8' title='bbox 663 372 913 454; x_wconf 76' lang='grc' dir='ltr'><strong><em>τετριμμένοισι.</em></strong></span> <span class='ocrx_word' id='word_1_9' title='bbox 940 371 1069 434; x_wconf 84' lang='grc' dir='ltr'><strong><em>έπειτεν</em></strong></span> 
     </span>
     <span class='ocr_line' id='line_1_3' title="bbox 60 465 1067 559; baseline -0.008 -19"><span class='ocrx_word' id='word_1_10' title='bbox 60 470 126 559; x_wconf 89' lang='grc' dir='ltr'><strong><em>τήν</em></strong></span> <span class='ocrx_word' id='word_1_11' title='bbox 148 468 259 555; x_wconf 85' lang='grc' dir='ltr'><strong><em>νηδύν</em></strong></span> <span class='ocrx_word' id='word_1_12' title='bbox 279 470 429 556; x_wconf 78' lang='grc' dir='ltr'><strong><em>σμύρνης</em></strong></span> <span class='ocrx_word' id='word_1_13' title='bbox 451 465 622 555; x_wconf 76' lang='grc' dir='ltr'><em>ἀκηράτου</em></span> <span class='ocrx_word' id='word_1_14' title='bbox 644 468 860 553; x_wconf 70' lang='grc' dir='ltr'><strong><em>τετριμμένης</em></strong></span> <span class='ocrx_word' id='word_1_15' title='bbox 880 492 936 534; x_wconf 90' lang='grc' dir='ltr'><strong><em>και</em></strong></span> <span class='ocrx_word' id='word_1_16' title='bbox 925 468 1067 550; x_wconf 88' lang='grc' dir='ltr'><strong><em>κασίης</em></strong></span> 
     </span>
     <span class='ocr_line' id='line_1_4' title="bbox 60 563 1066 653; baseline -0.007 -15"><span class='ocrx_word' id='word_1_17' title='bbox 60 573 204 638; x_wconf 78' lang='grc' dir='ltr'><strong><em>καὶτῶν</em></strong></span> <span class='ocrx_word' id='word_1_18' title='bbox 219 567 330 636; x_wconf 83' lang='grc' dir='ltr'><strong><em>ἀλλων</em></strong></span> <span class='ocrx_word' id='word_1_19' title='bbox 345 566 556 652; x_wconf 74' lang='grc' dir='ltr'><strong><em>θυωμάτων,</em></strong></span> <span class='ocrx_word' id='word_1_20' title='bbox 582 563 671 653; x_wconf 87' lang='grc' dir='ltr'><strong><em>πλήν</em></strong></span> <span class='ocrx_word' id='word_1_21' title='bbox 688 571 892 651; x_wconf 75' lang='grc' dir='ltr'><strong><em>λιβανωτοῦ,</em></strong></span> <span class='ocrx_word' id='word_1_22' title='bbox 914 566 1066 651; x_wconf 90' lang='grc' dir='ltr'><strong><em>πλήσαν-</em></strong></span> 
     </span>
     <span class='ocr_line' id='line_1_5' title="bbox 58 662 1066 755; baseline -0.007 -19"><span class='ocrx_word' id='word_1_23' title='bbox 58 694 116 746; x_wconf 88' lang='grc' dir='ltr'><strong><em>τες</em></strong></span> <span class='ocrx_word' id='word_1_24' title='bbox 134 665 365 755; x_wconf 80' lang='grc' dir='ltr'><strong><em>συρράττουσι</em></strong></span> <span class='ocrx_word' id='word_1_25' title='bbox 381 662 495 732; x_wconf 81' lang='grc' dir='ltr'><strong><em>ὀπίσω.</em></strong></span> <span class='ocrx_word' id='word_1_26' title='bbox 526 670 631 731; x_wconf 92' lang='grc' dir='ltr'><strong><em>ταῦτα</em></strong></span> <span class='ocrx_word' id='word_1_27' title='bbox 645 664 681 732; x_wconf 76' lang='grc' dir='ltr'><strong><em>δὲ</em></strong></span> <span class='ocrx_word' id='word_1_28' title='bbox 696 663 895 750; x_wconf 78' lang='grc' dir='ltr'><strong><em>ποιήσαντες</em></strong></span> <span class='ocrx_word' id='word_1_29' title='bbox 911 663 1066 752; x_wconf 86' lang='grc' dir='ltr'><strong><em>ταριχεύ-</em></strong></span> 
     </span>
     <span class='ocr_line' id='line_1_6' title="bbox 59 759 1065 856; baseline -0.002 -22"><span class='ocrx_word' id='word_1_30' title='bbox 59 785 142 835; x_wconf 92' lang='grc' dir='ltr'><strong><em>ουσι</em></strong></span> <span class='ocrx_word' id='word_1_31' title='bbox 161 771 278 856; x_wconf 77' lang='grc' dir='ltr'><strong><em>λίτρῳ,</em></strong></span> <span class='ocrx_word' id='word_1_32' title='bbox 307 763 495 852; x_wconf 77' lang='grc' dir='ltr'><strong><em>κρύψαντες</em></strong></span> <span class='ocrx_word' id='word_1_33' title='bbox 509 759 634 851; x_wconf 80' lang='grc' dir='ltr'><strong><em>ἡμέρας</em></strong></span> <span class='ocrx_word' id='word_1_34' title='bbox 649 763 892 851; x_wconf 81' lang='grc' dir='ltr'><strong><em>ἑβδομήκοντα·</em></strong></span> <span class='ocrx_word' id='word_1_35' title='bbox 919 770 1065 843; x_wconf 81' lang='grc' dir='ltr'><strong><em>πλεῦνας</em></strong></span> 
     </span>
     <span class='ocr_line' id='line_1_7' title="bbox 59 857 1065 951; baseline -0.002 -21"><span class='ocrx_word' id='word_1_36' title='bbox 59 865 98 930; x_wconf 76' lang='grc' dir='ltr'><strong><em>δὲ</em></strong></span> <span class='ocrx_word' id='word_1_37' title='bbox 115 862 247 929; x_wconf 89' lang='grc' dir='ltr'><strong><em>τούτων</em></strong></span> <span class='ocrx_word' id='word_1_38' title='bbox 265 857 328 928; x_wconf 90' lang='grc' dir='ltr'><strong><em>οῦκ</em></strong></span> <span class='ocrx_word' id='word_1_39' title='bbox 344 866 448 942; x_wconf 69' lang='grc' dir='ltr'><strong><em>ἔξεστι</em></strong></span> <span class='ocrx_word' id='word_1_40' title='bbox 461 861 656 948; x_wconf 80' lang='grc' dir='ltr'><strong><em>ταριχεύειν.</em></strong></span> <span class='ocrx_word' id='word_1_41' title='bbox 703 860 809 929; x_wconf 80' lang='grc' dir='ltr'><strong><em>ἐπεὰν</em></strong></span> <span class='ocrx_word' id='word_1_42' title='bbox 821 866 857 930; x_wconf 73' lang='grc' dir='ltr'><strong><em>δὲ</em></strong></span> <span class='ocrx_word' id='word_1_43' title='bbox 872 868 1065 951; x_wconf 76' lang='grc' dir='ltr'><strong><em>παρέλθωσι</em></strong></span> 
     </span>
     <span class='ocr_line' id='line_1_8' title="bbox 58 957 1065 1048; baseline -0.004 -20"><span class='ocrx_word' id='word_1_44' title='bbox 58 967 97 1029; x_wconf 84' lang='grc' dir='ltr'><strong><em>αί</em></strong></span> <span class='ocrx_word' id='word_1_45' title='bbox 108 960 365 1048; x_wconf 67' lang='grc' dir='ltr'><strong><em>4ἑβδομήκοντα,</em></strong></span> <span class='ocrx_word' id='word_1_46' title='bbox 395 959 576 1037; x_wconf 88' lang='grc' dir='ltr'><strong><em>λούσαντες</em></strong></span> <span class='ocrx_word' id='word_1_47' title='bbox 595 957 656 1028; x_wconf 85' lang='grc' dir='ltr'><strong><em>τόν</em></strong></span> <span class='ocrx_word' id='word_1_48' title='bbox 675 957 798 1045; x_wconf 85' lang='grc' dir='ltr'><strong><em>νεκρόν</em></strong></span> <span class='ocrx_word' id='word_1_49' title='bbox 822 965 1065 1027; x_wconf 82' lang='grc' dir='ltr'><strong><em>κατειλίσσουσι</em></strong></span> 
     </span>
     <span class='ocr_line' id='line_1_9' title="bbox 56 1057 1065 1144; baseline -0.004 -18"><span class='ocrx_word' id='word_1_50' title='bbox 56 1067 133 1126; x_wconf 84' lang='grc' dir='ltr'><strong><em>πᾶν</em></strong></span> <span class='ocrx_word' id='word_1_51' title='bbox 149 1057 254 1127; x_wconf 84' lang='grc' dir='ltr'><strong><em>αὐτοῦ</em></strong></span> <span class='ocrx_word' id='word_1_52' title='bbox 269 1057 306 1127; x_wconf 87' lang='grc' dir='ltr'><strong><em>τό</em></strong></span> <span class='ocrx_word' id='word_1_53' title='bbox 322 1065 416 1144; x_wconf 79' lang='grc' dir='ltr'><strong><em>σῶμα</em></strong></span> <span class='ocrx_word' id='word_1_54' title='bbox 432 1057 588 1135; x_wconf 91' lang='grc' dir='ltr'><strong><em>σινδόνος</em></strong></span> <span class='ocrx_word' id='word_1_55' title='bbox 604 1062 765 1144; x_wconf 85' lang='grc' dir='ltr'><strong><em>βυσσίνης</em></strong></span> <span class='ocrx_word' id='word_1_56' title='bbox 784 1064 948 1142; x_wconf 81' lang='grc' dir='ltr'><strong><em>τελαμῶσι</em></strong></span> <span class='ocrx_word' id='word_1_57' title='bbox 963 1081 1065 1123; x_wconf 92' lang='grc' dir='ltr'><strong><em>κατα-</em></strong></span> 
     </span>
     <span class='ocr_line' id='line_1_10' title="bbox 56 1153 1064 1246; baseline -0.004 -20"><span class='ocrx_word' id='word_1_58' title='bbox 56 1160 310 1245; x_wconf 87' lang='grc' dir='ltr'><strong><em>τετμημένοισι,</em></strong></span> <span class='ocrx_word' id='word_1_59' title='bbox 339 1155 555 1243; x_wconf 78' lang='grc' dir='ltr'><strong><em>ὑποχρίοντες</em></strong></span> <span class='ocrx_word' id='word_1_60' title='bbox 570 1163 616 1246; x_wconf 77' lang='grc' dir='ltr'><strong><em>τῷ</em></strong></span> <span class='ocrx_word' id='word_1_61' title='bbox 631 1155 750 1242; x_wconf 92' lang='grc' dir='ltr'><strong><em>κόμμι,</em></strong></span> <span class='ocrx_word' id='word_1_62' title='bbox 776 1161 822 1244; x_wconf 77' lang='grc' dir='ltr'><strong><em>τῷ</em></strong></span> <span class='ocrx_word' id='word_1_63' title='bbox 838 1153 970 1243; x_wconf 83' lang='grc' dir='ltr'><strong><em>δήάντὶ</em></strong></span> <span class='ocrx_word' id='word_1_64' title='bbox 984 1155 1064 1222; x_wconf 91' lang='grc' dir='ltr'><strong><em>κόλ-</em></strong></span> 
     </span>
     <span class='ocr_line' id='line_1_11' title="bbox 56 1253 1064 1344; baseline -0.006 -18"><span class='ocrx_word' id='word_1_65' title='bbox 56 1266 122 1343; x_wconf 86' lang='grc' dir='ltr'><strong><em>λης</em></strong></span> <span class='ocrx_word' id='word_1_66' title='bbox 142 1255 183 1323; x_wconf 88' lang='grc' dir='ltr'><strong><em>τά</em></strong></span> <span class='ocrx_word' id='word_1_67' title='bbox 205 1254 310 1324; x_wconf 78' lang='grc' dir='ltr'><strong><em>πολλοὶ</em></strong></span> <span class='ocrx_word' id='word_1_68' title='bbox 328 1257 480 1344; x_wconf 90' lang='grc' dir='ltr'><strong><em>χρέονται</em></strong></span> <span class='ocrx_word' id='word_1_69' title='bbox 500 1256 689 1340; x_wconf 81' lang='grc' dir='ltr'><strong><em>Αἰγύπτιοι.</em></strong></span> <span class='ocrx_word' id='word_1_70' title='bbox 727 1255 887 1319; x_wconf 80' lang='grc' dir='ltr'><strong><em>ἐνθεῦτεν</em></strong></span> <span class='ocrx_word' id='word_1_71' title='bbox 905 1253 940 1320; x_wconf 70' lang='grc' dir='ltr'><strong><em>δὲ</em></strong></span> <span class='ocrx_word' id='word_1_72' title='bbox 955 1277 1064 1338; x_wconf 86' lang='grc' dir='ltr'><strong><em>παρα-</em></strong></span> 
     </span>
     <span class='ocr_line' id='line_1_12' title="bbox 58 1351 1064 1439; baseline -0.005 -18"><span class='ocrx_word' id='word_1_73' title='bbox 58 1354 242 1439; x_wconf 79' lang='grc' dir='ltr'><strong><em>δεξάμενοί</em></strong></span> <span class='ocrx_word' id='word_1_74' title='bbox 252 1379 310 1438; x_wconf 92' lang='grc' dir='ltr'><strong><em>μιν</em></strong></span> <span class='ocrx_word' id='word_1_75' title='bbox 327 1358 362 1421; x_wconf 88' lang='grc' dir='ltr'><strong><em>σί</em></strong></span> <span class='ocrx_word' id='word_1_76' title='bbox 373 1353 599 1439; x_wconf 86' lang='grc' dir='ltr'><strong><em>προσήκοντες</em></strong></span> <span class='ocrx_word' id='word_1_77' title='bbox 614 1356 789 1418; x_wconf 82' lang='grc' dir='ltr'><strong><em>ποιεῦνται</em></strong></span> <span class='ocrx_word' id='word_1_78' title='bbox 805 1351 942 1430; x_wconf 83' lang='grc' dir='ltr'><strong><em>ξύλινον</em></strong></span> <span class='ocrx_word' id='word_1_79' title='bbox 955 1352 1064 1418; x_wconf 91' lang='grc' dir='ltr'><strong><em>τύπον</em></strong></span> 
     </span>
     <span class='ocr_line' id='line_1_13' title="bbox 59 1446 1063 1538; baseline -0.001 -21"><span class='ocrx_word' id='word_1_80' title='bbox 59 1449 335 1538; x_wconf 87' lang='grc' dir='ltr'><strong><em>ἀνθρωποειδέα,</em></strong></span> <span class='ocrx_word' id='word_1_81' title='bbox 361 1452 582 1537; x_wconf 84' lang='grc' dir='ltr'><strong><em>ποιησάμενοι</em></strong></span> <span class='ocrx_word' id='word_1_82' title='bbox 599 1448 635 1516; x_wconf 73' lang='grc' dir='ltr'><strong><em>δὲ</em></strong></span> <span class='ocrx_word' id='word_1_83' title='bbox 652 1450 828 1535; x_wconf 79' lang='grc' dir='ltr'><strong><em>ἐσεργνῦσι</em></strong></span> <span class='ocrx_word' id='word_1_84' title='bbox 847 1446 1063 1535; x_wconf 84' lang='grc' dir='ltr'><strong><em>τὸν-νεκρόν,</em></strong></span> 
     </span>
     <span class='ocr_line' id='line_1_14' title="bbox 59 1549 1065 1638; baseline 0.003 -22"><span class='ocrx_word' id='word_1_85' title='bbox 59 1551 118 1616; x_wconf 79' lang='grc' dir='ltr'><strong><em>καὶ</em></strong></span> <span class='ocrx_word' id='word_1_86' title='bbox 134 1555 412 1633; x_wconf 90' lang='grc' dir='ltr'><strong><em>κατακληίσαντες</em></strong></span> <span class='ocrx_word' id='word_1_87' title='bbox 427 1549 516 1618; x_wconf 87' lang='grc' dir='ltr'><strong><em>ούτω</em></strong></span> <span class='ocrx_word' id='word_1_88' title='bbox 526 1555 768 1637; x_wconf 79' lang='grc' dir='ltr'><strong><em>θησαυρίζουσι</em></strong></span> <span class='ocrx_word' id='word_1_89' title='bbox 783 1553 820 1617; x_wconf 81' lang='grc' dir='ltr'><strong><em>ἐν</em></strong></span> <span class='ocrx_word' id='word_1_90' title='bbox 835 1551 986 1638; x_wconf 91' lang='grc' dir='ltr'><strong><em>οίκήματι</em></strong></span> <span class='ocrx_word' id='word_1_91' title='bbox 997 1561 1065 1638; x_wconf 90' lang='grc' dir='ltr'><strong><em>θη-</em></strong></span> 
     </span>
     <span class='ocr_line' id='line_1_15' title="bbox 59 1644 1063 1735; baseline 0 -21"><span class='ocrx_word' id='word_1_92' title='bbox 59 1651 165 1735; x_wconf 77' lang='grc' dir='ltr'><strong><em>καίῳ,</em></strong></span> <span class='ocrx_word' id='word_1_93' title='bbox 193 1647 343 1726; x_wconf 87' lang='grc' dir='ltr'><strong><em>ίστάντες</em></strong></span> <span class='ocrx_word' id='word_1_94' title='bbox 359 1645 469 1731; x_wconf 87' lang='grc' dir='ltr'><strong><em>όρθόν</em></strong></span> <span class='ocrx_word' id='word_1_95' title='bbox 483 1645 567 1735; x_wconf 90' lang='grc' dir='ltr'><strong><em>πρδς</em></strong></span> <span class='ocrx_word' id='word_1_96' title='bbox 581 1662 702 1733; x_wconf 73' lang='grc' dir='ltr'><strong><em>τοῖχον.</em></strong></span> <span class='ocrx_word' id='word_1_97' title='bbox 748 1645 836 1715; x_wconf 86' lang='grc' dir='ltr'><strong><em>οῦτω</em></strong></span> <span class='ocrx_word' id='word_1_98' title='bbox 854 1651 915 1734; x_wconf 75' lang='grc' dir='ltr'><strong><em>μὲν</em></strong></span> <span class='ocrx_word' id='word_1_99' title='bbox 930 1647 1009 1727; x_wconf 84' lang='grc' dir='ltr'><strong><em>τούς</em></strong></span> <span class='ocrx_word' id='word_1_100' title='bbox 1023 1644 1063 1714; x_wconf 89' lang='grc' dir='ltr'><strong><em>τά</em></strong></span> 
     </span>
     <span class='ocr_line' id='line_1_16' title="bbox 60 1741 1111 1831; baseline 0.006 -21"><span class='ocrx_word' id='word_1_101' title='bbox 60 1748 324 1812; x_wconf 81' lang='grc' dir='ltr'><strong><em>πολυτελέστατα</em></strong></span> <span class='ocrx_word' id='word_1_102' title='bbox 345 1747 542 1827; x_wconf 77' lang='grc' dir='ltr'><strong><em>σκευάζουσι</em></strong></span> <span class='ocrx_word' id='word_1_103' title='bbox 561 1744 721 1831; x_wconf 89' lang='grc' dir='ltr'><strong><em>νεκρούς,</em></strong></span> <span class='ocrx_word' id='word_1_104' title='bbox 767 1741 846 1821; x_wconf 87' lang='grc' dir='ltr'><strong><em>τοῦς</em></strong></span> <span class='ocrx_word' id='word_1_105' title='bbox 867 1744 903 1811; x_wconf 70' lang='grc' dir='ltr'><strong><em>δὲ</em></strong></span> <span class='ocrx_word' id='word_1_106' title='bbox 923 1743 964 1812; x_wconf 82' lang='grc' dir='ltr'><strong><em>τὰ</em></strong></span> <span class='ocrx_word' id='word_1_107' title='bbox 980 1748 1063 1830; x_wconf 88' lang='grc' dir='ltr'><strong><em>μέσα</em></strong></span> <span class='ocrx_word' id='word_1_108' title='bbox 1078 1762 1111 1818; x_wconf 85' lang='grc'><strong><em>87</em></strong></span> 
     </span>
     <span class='ocr_line' id='line_1_17' title="bbox 60 1842 1064 1930; baseline -0.001 -21"><span class='ocrx_word' id='word_1_109' title='bbox 60 1844 306 1930; x_wconf 91' lang='grc' dir='ltr'><strong><em>βουλομένους,</em></strong></span> <span class='ocrx_word' id='word_1_110' title='bbox 337 1842 399 1930; x_wconf 86' lang='grc' dir='ltr'><strong><em>τήν</em></strong></span> <span class='ocrx_word' id='word_1_111' title='bbox 420 1846 457 1912; x_wconf 69' lang='grc' dir='ltr'><strong><em>δὲ</em></strong></span> <span class='ocrx_word' id='word_1_112' title='bbox 478 1850 695 1926; x_wconf 86' lang='grc' dir='ltr'><strong><em>πολυτελείην</em></strong></span> <span class='ocrx_word' id='word_1_113' title='bbox 725 1843 912 1928; x_wconf 81' lang='grc' dir='ltr'><strong><em>φεύγοντας</em></strong></span> <span class='ocrx_word' id='word_1_114' title='bbox 940 1842 1064 1909; x_wconf 88' lang='grc' dir='ltr'><strong><em>σκευά-</em></strong></span> 
     </span>
     <span class='ocr_line' id='line_1_18' title="bbox 61 1933 1061 2028; baseline -0.005 -17"><span class='ocrx_word' id='word_1_115' title='bbox 61 1949 156 2024; x_wconf 80' lang='grc' dir='ltr'><strong><em>ζουσι</em></strong></span> <span class='ocrx_word' id='word_1_116' title='bbox 174 1933 258 2009; x_wconf 66' lang='grc' dir='ltr'><strong><em>οἶδε’,</em></strong></span> <span class='ocrx_word' id='word_1_117' title='bbox 284 1941 385 2010; x_wconf 86' lang='grc' dir='ltr'><strong><em>έπεάν</em></strong></span> <span class='ocrx_word' id='word_1_118' title='bbox 404 1943 484 2022; x_wconf 87' lang='grc' dir='ltr'><strong><em>τοῦς</em></strong></span> <span class='ocrx_word' id='word_1_119' title='bbox 506 1948 692 2027; x_wconf 80' lang='grc' dir='ltr'><strong><em>κλυστῆρας</em></strong></span> <span class='ocrx_word' id='word_1_120' title='bbox 715 1941 906 2028; x_wconf 81' lang='grc' dir='ltr'><strong><em>πλήσωνται</em></strong></span> <span class='ocrx_word' id='word_1_121' title='bbox 921 1947 981 2008; x_wconf 89' lang='grc' dir='ltr'><strong><em>τοῦ</em></strong></span> <span class='ocrx_word' id='word_1_122' title='bbox 997 1937 1061 2007; x_wconf 87' lang='grc' dir='ltr'><strong><em>ἀπό</em></strong></span> 
     </span>
     <span class='ocr_line' id='line_1_19' title="bbox 60 2032 1064 2130; baseline -0.006 -20"><span class='ocrx_word' id='word_1_123' title='bbox 60 2046 185 2128; x_wconf 88' lang='grc' dir='ltr'><strong><em>κέδρον</em></strong></span> <span class='ocrx_word' id='word_1_124' title='bbox 206 2039 383 2127; x_wconf 82' lang='grc' dir='ltr'><strong><em>ἀλείφατος</em></strong></span> <span class='ocrx_word' id='word_1_125' title='bbox 399 2045 596 2130; x_wconf 75' lang='grc' dir='ltr'><strong><em>γινομένου,</em></strong></span> <span class='ocrx_word' id='word_1_126' title='bbox 629 2042 665 2107; x_wconf 89' lang='grc' dir='ltr'><strong><em>έν</em></strong></span> <span class='ocrx_word' id='word_1_127' title='bbox 687 2032 736 2106; x_wconf 80' lang='grc' dir='ltr'><strong><em>ἀν</em></strong></span> <span class='ocrx_word' id='word_1_128' title='bbox 757 2045 904 2126; x_wconf 74' lang='grc' dir='ltr'><strong><em>ἔπλησαν</em></strong></span> <span class='ocrx_word' id='word_1_129' title='bbox 923 2045 985 2106; x_wconf 91' lang='grc' dir='ltr'><strong><em>τοῦ</em></strong></span> <span class='ocrx_word' id='word_1_130' title='bbox 1006 2063 1064 2105; x_wconf 92' lang='grc' dir='ltr'><strong><em>νε-</em></strong></span> 
     </span>
     <span class='ocr_line' id='line_1_20' title="bbox 60 2135 1064 2230; baseline -0.002 -22"><span class='ocrx_word' id='word_1_131' title='bbox 60 2147 147 2227; x_wconf 87' lang='grc' dir='ltr'><strong><em>κροῦ</em></strong></span> <span class='ocrx_word' id='word_1_132' title='bbox 163 2135 225 2226; x_wconf 88' lang='grc' dir='ltr'><strong><em>τήν</em></strong></span> <span class='ocrx_word' id='word_1_133' title='bbox 246 2148 393 2230; x_wconf 89' lang='grc' dir='ltr'><strong><em>κοιλίην,</em></strong></span> <span class='ocrx_word' id='word_1_134' title='bbox 422 2141 500 2211; x_wconf 84' lang='grc' dir='ltr'><strong><em>οῦτε</em></strong></span> <span class='ocrx_word' id='word_1_135' title='bbox 521 2140 747 2227; x_wconf 79' lang='grc' dir='ltr'><strong><em>ἀναταμόντες</em></strong></span> <span class='ocrx_word' id='word_1_136' title='bbox 770 2138 874 2208; x_wconf 80' lang='grc' dir='ltr'><strong><em>αὐτόν</em></strong></span> <span class='ocrx_word' id='word_1_137' title='bbox 895 2137 976 2208; x_wconf 83' lang='grc' dir='ltr'><strong><em>οῦτε</em></strong></span> <span class='ocrx_word' id='word_1_138' title='bbox 994 2143 1064 2219; x_wconf 81' lang='grc' dir='ltr'><strong><em>ἐξε-</em></strong></span> 
     </span>
     <span class='ocr_line' id='line_1_21' title="bbox 60 2235 1064 2326; baseline -0.005 -18"><span class='ocrx_word' id='word_1_139' title='bbox 60 2238 178 2316; x_wconf 89' lang='grc' dir='ltr'><strong><em>λόντες</em></strong></span> <span class='ocrx_word' id='word_1_140' title='bbox 194 2235 256 2324; x_wconf 86' lang='grc' dir='ltr'><strong><em>τήν</em></strong></span> <span class='ocrx_word' id='word_1_141' title='bbox 270 2238 395 2326; x_wconf 87' lang='grc' dir='ltr'><strong><em>νηδύν,</em></strong></span> <span class='ocrx_word' id='word_1_142' title='bbox 423 2237 506 2308; x_wconf 89' lang='grc' dir='ltr'><strong><em>κατά</em></strong></span> <span class='ocrx_word' id='word_1_143' title='bbox 522 2243 558 2307; x_wconf 73' lang='grc' dir='ltr'><strong><em>δὲ</em></strong></span> <span class='ocrx_word' id='word_1_144' title='bbox 571 2236 634 2326; x_wconf 88' lang='grc' dir='ltr'><strong><em>τήν</em></strong></span> <span class='ocrx_word' id='word_1_145' title='bbox 648 2240 750 2326; x_wconf 78' lang='grc' dir='ltr'><strong><em>ἕδρην</em></strong></span> <span class='ocrx_word' id='word_1_146' title='bbox 768 2237 992 2325; x_wconf 80' lang='grc' dir='ltr'><strong><em>ἐσηθήσαντες</em></strong></span> <span class='ocrx_word' id='word_1_147' title='bbox 1008 2239 1064 2304; x_wconf 82' lang='grc' dir='ltr'><strong><em>καὶ</em></strong></span> 
     </span>
     <span class='ocr_line' id='line_1_22' title="bbox 60 2334 1063 2428; baseline -0.005 -21"><span class='ocrx_word' id='word_1_148' title='bbox 60 2339 276 2426; x_wconf 77' lang='grc' dir='ltr'><strong><em>ἐπιλαβόντες</em></strong></span> <span class='ocrx_word' id='word_1_149' title='bbox 289 2337 327 2408; x_wconf 84' lang='grc' dir='ltr'><strong><em>τό</em></strong></span> <span class='ocrx_word' id='word_1_150' title='bbox 338 2342 471 2428; x_wconf 90' lang='grc' dir='ltr'><strong><em>κλύσμα</em></strong></span> <span class='ocrx_word' id='word_1_151' title='bbox 485 2348 543 2426; x_wconf 88' lang='grc' dir='ltr'><strong><em>τής</em></strong></span> <span class='ocrx_word' id='word_1_152' title='bbox 558 2338 663 2407; x_wconf 83' lang='grc' dir='ltr'><strong><em>ὀπίσω</em></strong></span> <span class='ocrx_word' id='word_1_153' title='bbox 681 2334 764 2405; x_wconf 89' lang='grc' dir='ltr'><strong><em>ὁδοῦ</em></strong></span> <span class='ocrx_word' id='word_1_154' title='bbox 776 2338 988 2423; x_wconf 87' lang='grc' dir='ltr'><strong><em>ταριχεύουσι</em></strong></span> <span class='ocrx_word' id='word_1_155' title='bbox 1004 2335 1063 2413; x_wconf 78' lang='grc' dir='ltr'><strong><em>τάς</em></strong></span> 
     </span>
     <span class='ocr_line' id='line_1_23' title="bbox 59 2433 1064 2527; baseline -0.002 -24"><span class='ocrx_word' id='word_1_156' title='bbox 59 2439 281 2523; x_wconf 88' lang='grc' dir='ltr'><strong><em>προκειμένας</em></strong></span> <span class='ocrx_word' id='word_1_157' title='bbox 295 2433 430 2525; x_wconf 89' lang='grc' dir='ltr'><strong><em>ήμέρας,</em></strong></span> <span class='ocrx_word' id='word_1_158' title='bbox 452 2445 492 2527; x_wconf 79' lang='grc' dir='ltr'><strong><em>τῇ</em></strong></span> <span class='ocrx_word' id='word_1_159' title='bbox 508 2438 543 2505; x_wconf 72' lang='grc' dir='ltr'><strong><em>δέ</em></strong></span> <span class='ocrx_word' id='word_1_160' title='bbox 558 2442 730 2524; x_wconf 88' lang='grc' dir='ltr'><strong><em>τελευταίη</em></strong></span> <span class='ocrx_word' id='word_1_161' title='bbox 745 2438 854 2514; x_wconf 77' lang='grc' dir='ltr'><strong><em>έξιείσι</em></strong></span> <span class='ocrx_word' id='word_1_162' title='bbox 869 2438 905 2502; x_wconf 91' lang='grc' dir='ltr'><strong><em>έκ</em></strong></span> <span class='ocrx_word' id='word_1_163' title='bbox 919 2441 976 2520; x_wconf 89' lang='grc' dir='ltr'><strong><em>τής</em></strong></span> <span class='ocrx_word' id='word_1_164' title='bbox 991 2459 1064 2501; x_wconf 78' lang='grc' dir='ltr'><strong><em>κοι·</em></strong></span> 
     </span>
     <span class='ocr_line' id='line_1_24' title="bbox 58 2529 1139 2624; baseline -0.001 -24"><span class='ocrx_word' id='word_1_165' title='bbox 58 2539 132 2618; x_wconf 89' lang='grc' dir='ltr'><strong><em>λίης</em></strong></span> <span class='ocrx_word' id='word_1_166' title='bbox 146 2529 209 2619; x_wconf 88' lang='grc' dir='ltr'><strong><em>τήν</em></strong></span> <span class='ocrx_word' id='word_1_167' title='bbox 226 2538 378 2622; x_wconf 84' lang='grc' dir='ltr'><strong><em>κεδρίην,</em></strong></span> <span class='ocrx_word' id='word_1_168' title='bbox 401 2535 464 2624; x_wconf 84' lang='grc' dir='ltr'><strong><em>τήν</em></strong></span> <span class='ocrx_word' id='word_1_169' title='bbox 478 2539 600 2622; x_wconf 86' lang='grc' dir='ltr'><strong><em>έσήκαν</em></strong></span> <span class='ocrx_word' id='word_1_170' title='bbox 617 2533 790 2622; x_wconf 87' lang='grc' dir='ltr'><strong><em>πρότερον.</em></strong></span> <span class='ocrx_word' id='word_1_171' title='bbox 832 2530 911 2619; x_wconf 73' lang='grc' dir='ltr'><strong><em>ἡδὲ</em></strong></span> <span class='ocrx_word' id='word_1_172' title='bbox 926 2539 991 2618; x_wconf 80' lang='grc' dir='ltr'><strong><em>ἔχει</em></strong></span> <span class='ocrx_word' id='word_1_173' title='bbox 1005 2557 1063 2599; x_wconf 86' lang='grc' dir='ltr'><strong><em>το-</em></strong></span> <span class='ocrx_word' id='word_1_174' title='bbox 1133 2605 1139 2611; x_wconf 50' lang='grc'><strong><em>,</em></strong></span> 
     </span>
     <span class='ocr_line' id='line_1_25' title="bbox 59 2626 1061 2721; baseline 0.001 -25"><span class='ocrx_word' id='word_1_175' title='bbox 59 2630 189 2715; x_wconf 89' lang='grc' dir='ltr'><strong><em>σαύτην</em></strong></span> <span class='ocrx_word' id='word_1_176' title='bbox 216 2631 409 2718; x_wconf 90' lang='grc' dir='ltr'><strong><em>δύναμιν</em></strong></span> <span class='ocrx_word' id='word_1_177' title='bbox 389 2633 472 2701; x_wconf 87' lang='grc' dir='ltr'><strong><em>ω’στε</em></strong></span> <span class='ocrx_word' id='word_1_178' title='bbox 499 2632 568 2719; x_wconf 78' lang='grc' dir='ltr'><strong><em>ἅμα</em></strong></span> <span class='ocrx_word' id='word_1_179' title='bbox 592 2636 698 2721; x_wconf 85' lang='grc' dir='ltr'><strong><em>έωυτή</em></strong></span> <span class='ocrx_word' id='word_1_180' title='bbox 726 2628 788 2718; x_wconf 89' lang='grc' dir='ltr'><strong><em>τήν</em></strong></span> <span class='ocrx_word' id='word_1_181' title='bbox 815 2629 924 2718; x_wconf 85' lang='grc' dir='ltr'><strong><em>νηδύν</em></strong></span> <span class='ocrx_word' id='word_1_182' title='bbox 945 2626 1057 2699; x_wconf 79' lang='grc' dir='ltr'><strong><em>καί</em></strong></span> <span class='ocrx_word' id='word_1_183' title='bbox 1020 2656 1061 2697; x_wconf 87' lang='grc' dir='ltr'><strong><em>τα</em></strong></span> 
     </span>
     <span class='ocr_line' id='line_1_26' title="bbox 59 2726 1062 2845; baseline 0.002 -51"><span class='ocrx_word' id='word_1_184' title='bbox 59 2726 234 2845; x_wconf 80' lang='grc' dir='ltr'><strong><em>σπλάχχνα</em></strong></span> <span class='ocrx_word' id='word_1_185' title='bbox 245 2731 488 2818; x_wconf 87' lang='grc' dir='ltr'><strong><em>κατατετηκότα</em></strong></span> <span class='ocrx_word' id='word_1_186' title='bbox 499 2731 624 2818; x_wconf 82' lang='grc' dir='ltr'><strong><em>έξάμει</em></strong></span> <span class='ocrx_word' id='word_1_187' title='bbox 642 2728 701 2809; x_wconf 86' lang='grc' dir='ltr'><strong><em>τάς</em></strong></span> <span class='ocrx_word' id='word_1_188' title='bbox 715 2733 752 2797; x_wconf 72' lang='grc' dir='ltr'><strong><em>δὲ</em></strong></span> <span class='ocrx_word' id='word_1_189' title='bbox 762 2730 888 2819; x_wconf 85' lang='grc' dir='ltr'><strong><em>σάρκας</em></strong></span> <span class='ocrx_word' id='word_1_190' title='bbox 898 2757 942 2798; x_wconf 92' lang='grc' dir='ltr'><strong><em>το.</em></strong></span> <span class='ocrx_word' id='word_1_191' title='bbox 924 2728 1062 2831; x_wconf 88' lang='grc' dir='ltr'><strong><em>λίτρον</em></strong></span> 
     </span>
     <span class='ocr_line' id='line_1_27' title="bbox 57 2824 1061 2918; baseline 0.003 -26"><span class='ocrx_word' id='word_1_192' title='bbox 57 2824 251 2911; x_wconf 88' lang='grc' dir='ltr'><strong><em>κατατήκει,</em></strong></span> <span class='ocrx_word' id='word_1_193' title='bbox 280 2830 336 2894; x_wconf 83' lang='grc' dir='ltr'><strong><em>καλ</em></strong></span> <span class='ocrx_word' id='word_1_194' title='bbox 352 2827 393 2915; x_wconf 88' lang='grc' dir='ltr'><strong><em>δή</em></strong></span> <span class='ocrx_word' id='word_1_195' title='bbox 409 2836 555 2898; x_wconf 88' lang='grc' dir='ltr'><strong><em>λείπεται</em></strong></span> <span class='ocrx_word' id='word_1_196' title='bbox 575 2835 637 2898; x_wconf 93' lang='grc' dir='ltr'><strong><em>τοῦ</em></strong></span> <span class='ocrx_word' id='word_1_197' title='bbox 653 2835 776 2915; x_wconf 90' lang='grc' dir='ltr'><strong><em>νεκροῦ</em></strong></span> <span class='ocrx_word' id='word_1_198' title='bbox 796 2827 833 2897; x_wconf 87' lang='grc' dir='ltr'><strong><em>τό</em></strong></span> <span class='ocrx_word' id='word_1_199' title='bbox 852 2834 956 2918; x_wconf 86' lang='grc' dir='ltr'><strong><em>δέρμα</em></strong></span> <span class='ocrx_word' id='word_1_200' title='bbox 976 2835 1061 2914; x_wconf 84' lang='grc' dir='ltr'><strong><em>μοῦ-</em></strong></span> 
     </span>
     <span class='ocr_line' id='line_1_28' title="bbox 57 2917 1060 3012; baseline 0.002 -23"><span class='ocrx_word' id='word_1_201' title='bbox 57 2948 121 2991; x_wconf 92' lang='grc' dir='ltr'><strong><em>νον</em></strong></span> <span class='ocrx_word' id='word_1_202' title='bbox 144 2921 257 2990; x_wconf 77' lang='grc' dir='ltr'><strong><em>καλ</em></strong></span> <span class='ocrx_word' id='word_1_203' title='bbox 220 2950 260 2991; x_wconf 90' lang='grc' dir='ltr'><strong><em>τα</em></strong></span> <span class='ocrx_word' id='word_1_204' title='bbox 281 2921 387 2994; x_wconf 87' lang='grc' dir='ltr'><strong><em>ὀστέα.</em></strong></span> <span class='ocrx_word' id='word_1_205' title='bbox 428 2924 530 2995; x_wconf 87' lang='grc' dir='ltr'><strong><em>έπεάν</em></strong></span> <span class='ocrx_word' id='word_1_206' title='bbox 550 2928 586 2995; x_wconf 73' lang='grc' dir='ltr'><strong><em>δὲ</em></strong></span> <span class='ocrx_word' id='word_1_207' title='bbox 606 2933 711 2993; x_wconf 92' lang='grc' dir='ltr'><strong><em>ταῦτα</em></strong></span> <span class='ocrx_word' id='word_1_208' title='bbox 723 2926 905 3012; x_wconf 90' lang='grc' dir='ltr'><strong><em>ποιήσωσι,</em></strong></span> <span class='ocrx_word' id='word_1_209' title='bbox 931 2924 990 2992; x_wconf 88' lang='grc' dir='ltr'><strong><em>ἀπ’</em></strong></span> <span class='ocrx_word' id='word_1_210' title='bbox 1012 2917 1060 2992; x_wconf 81' lang='grc' dir='ltr'><strong><em>ἀν</em></strong></span> 
     </span>
     <span class='ocr_line' id='line_1_29' title="bbox 57 3017 1057 3110; baseline -0.001 -22"><span class='ocrx_word' id='word_1_211' title='bbox 57 3025 189 3088; x_wconf 77' lang='grc' dir='ltr'><strong><em>ἔδωκαν</em></strong></span> <span class='ocrx_word' id='word_1_212' title='bbox 204 3017 292 3087; x_wconf 89' lang='grc' dir='ltr'><strong><em>οῦτω</em></strong></span> <span class='ocrx_word' id='word_1_213' title='bbox 311 3019 372 3088; x_wconf 88' lang='grc' dir='ltr'><strong><em>τδι</em></strong></span> <span class='ocrx_word' id='word_1_214' title='bbox 390 3021 530 3110; x_wconf 83' lang='grc' dir='ltr'><strong><em>νεκρόν,</em></strong></span> <span class='ocrx_word' id='word_1_215' title='bbox 559 3019 695 3090; x_wconf 76' lang='grc' dir='ltr'><strong><em>οῦδὲνέ</em></strong></span> <span class='ocrx_word' id='word_1_216' title='bbox 677 3029 723 3090; x_wconf 78' lang='grc' dir='ltr'><strong><em>ἐτι</em></strong></span> <span class='ocrx_word' id='word_1_217' title='bbox 738 3025 1057 3108; x_wconf 81' lang='grc' dir='ltr'><strong><em>πρηγματευθέντες.</em></strong></span> 
     </span>
     <span class='ocr_line' id='line_1_30' title="bbox 54 3111 1109 3206; baseline 0.005 -21.019"><span class='ocrx_word' id='word_1_218' title='bbox 54 3111 96 3185; x_wconf 88' lang='grc' dir='ltr'><em>Η</em></span> <span class='ocrx_word' id='word_1_219' title='bbox 105 3118 144 3184; x_wconf 76' lang='grc' dir='ltr'><strong><em>δέ</em></strong></span> <span class='ocrx_word' id='word_1_220' title='bbox 160 3123 253 3204; x_wconf 90' lang='grc' dir='ltr'><strong><em>τρίτη</em></strong></span> <span class='ocrx_word' id='word_1_221' title='bbox 273 3145 334 3205; x_wconf 90' lang='grc' dir='ltr'><strong><em>ταρ</em></strong></span> <span class='ocrx_word' id='word_1_222' title='bbox 336 3126 444 3206; x_wconf 85' lang='grc' dir='ltr'><strong><em>ίίχευσ</em></strong></span> <span class='ocrx_word' id='word_1_223' title='bbox 442 3148 458 3198; x_wconf 91' lang='grc' dir='ltr'><strong><em>ς</em></strong></span> <span class='ocrx_word' id='word_1_224' title='bbox 429 3123 543 3189; x_wconf 85' lang='grc' dir='ltr'><strong><em>ίέστι</em></strong></span> <span class='ocrx_word' id='word_1_225' title='bbox 560 3117 690 3206; x_wconf 79' lang='grc' dir='ltr'><strong><em>ήδε,“</em></strong></span> <span class='ocrx_word' id='word_1_226' title='bbox 668 3147 688 3206; x_wconf 94' lang='grc' dir='ltr'><strong><em>η</em></strong></span> <span class='ocrx_word' id='word_1_227' title='bbox 704 3116 783 3196; x_wconf 86' lang='grc' dir='ltr'><strong><em>τοῦς</em></strong></span> <span class='ocrx_word' id='word_1_228' title='bbox 796 3119 940 3206; x_wconf 87' lang='grc' dir='ltr'><strong><em>χρήμασι</em></strong></span> <span class='ocrx_word' id='word_1_229' title='bbox 954 3115 1060 3186; x_wconf 89' lang='grc' dir='ltr'><strong><em>ἀσθε-</em></strong></span> <span class='ocrx_word' id='word_1_230' title='bbox 1073 3133 1109 3190; x_wconf 84' lang='grc'><strong><em>88</em></strong></span> 
     </span>
     <span class='ocr_line' id='line_1_31' title="bbox 55 3213 1060 3306; baseline 0.002 -24"><span class='ocrx_word' id='word_1_231' title='bbox 55 3220 235 3300; x_wconf 78' lang='grc' dir='ltr'><strong><em>νεωτέρους</em></strong></span> <span class='ocrx_word' id='word_1_232' title='bbox 249 3217 409 3297; x_wconf 83' lang='grc' dir='ltr'><strong><em>σκενάζει.</em></strong></span> <span class='ocrx_word' id='word_1_233' title='bbox 453 3224 599 3306; x_wconf 88' lang='grc' dir='ltr'><strong><em>συρμαίη</em></strong></span> <span class='ocrx_word' id='word_1_234' title='bbox 615 3217 837 3303; x_wconf 88' lang='grc' dir='ltr'><strong><em>διηθήσαντες</em></strong></span> <span class='ocrx_word' id='word_1_235' title='bbox 851 3213 913 3301; x_wconf 87' lang='grc' dir='ltr'><strong><em>τήν</em></strong></span> <span class='ocrx_word' id='word_1_236' title='bbox 928 3222 1060 3303; x_wconf 84' lang='grc' dir='ltr'><strong><em>κοιλίην</em></strong></span> 
     </span>
     <span class='ocr_line' id='line_1_32' title="bbox 53 3310 1056 3402; baseline 0.001 -22"><span class='ocrx_word' id='word_1_237' title='bbox 53 3311 271 3399; x_wconf 86' lang='grc' dir='ltr'><strong><em>ταριχεύουσι</em></strong></span> <span class='ocrx_word' id='word_1_238' title='bbox 289 3310 348 3391; x_wconf 87' lang='grc' dir='ltr'><strong><em>τάς</em></strong></span> <span class='ocrx_word' id='word_1_239' title='bbox 369 3316 597 3402; x_wconf 89' lang='grc' dir='ltr'><strong><em>εβδομήκοντα</em></strong></span> <span class='ocrx_word' id='word_1_240' title='bbox 618 3311 758 3401; x_wconf 83' lang='grc' dir='ltr'><strong><em>ἡμέρας,</em></strong></span> <span class='ocrx_word' id='word_1_241' title='bbox 785 3315 841 3381; x_wconf 83' lang='grc' dir='ltr'><strong><em>καὶ</em></strong></span> <span class='ocrx_word' id='word_1_242' title='bbox 855 3310 1016 3381; x_wconf 79' lang='grc' dir='ltr'><strong><em>ἔπειτεν’</em></strong></span> <span class='ocrx_word' id='word_1_243' title='bbox 997 3312 1056 3381; x_wconf 90' lang='grc' dir='ltr'><strong><em>απ’</em></strong></span> 
     </span>
     <span class='ocr_line' id='line_1_33' title="bbox 55 3401 1120 3512; baseline -0.002 -36"><span class='ocrx_word' id='word_1_244' title='bbox 55 3401 105 3476; x_wconf 78' lang='grc' dir='ltr'><strong><em>ἀν</em></strong></span> <span class='ocrx_word' id='word_1_245' title='bbox 121 3413 253 3477; x_wconf 80' lang='grc' dir='ltr'><strong><em>ἔδωκαν</em></strong></span> <span class='ocrx_word' id='word_1_246' title='bbox 267 3407 507 3512; x_wconf 83' lang='grc' dir='ltr'><strong><em>ἀποφέρεσθαι.</em></strong></span> <span class='ocrx_word' id='word_1_247' title='bbox 543 3410 610 3494; x_wconf 85' lang='grc' dir='ltr'><strong><em>Τδις</em></strong></span> <span class='ocrx_word' id='word_1_248' title='bbox 625 3413 661 3482; x_wconf 73' lang='grc' dir='ltr'><strong><em>δὲ</em></strong></span> <span class='ocrx_word' id='word_1_249' title='bbox 678 3426 844 3501; x_wconf 80' lang='grc' dir='ltr'><strong><em>χυυαλκως</em></strong></span> <span class='ocrx_word' id='word_1_250' title='bbox 856 3439 925 3480; x_wconf 82' lang='grc' dir='ltr'><strong><em>των</em></strong></span> <span class='ocrx_word' id='word_1_251' title='bbox 943 3413 1065 3495; x_wconf 51' lang='lat' dir='ltr'><strong><em>&amp;ww</em></strong></span> <span class='ocrx_word' id='word_1_252' title='bbox 1047 3426 1120 3475; x_wconf 46' lang='grc' dir='ltr'><strong><em>*σε</em></strong></span> 
     </span>
    </p>
   </div>
   <div class='ocr_carea' id='block_1_3' title="bbox 0 0 1182 3840">
    <p class='ocr_par' dir='ltr' id='par_1_3' title="bbox 0 0 1182 3840">
     <span class='ocr_line' id='line_1_34' title="bbox 0 0 1182 3840; baseline 0 1"><span class='ocrx_word' id='word_1_253' title='bbox 0 0 1182 3840; x_wconf 95' lang='lat' dir='ltr'><strong><em> </em></strong></span> 
     </span>
    </p>
   </div>
  </div>
 </body>
</html>
