2354 3840
81 186 124 249 84
454 198 709 256 HERODOTI

80 356 273 440 μετέβαλον.
298 354 518 440 Μαζάρηςδέ
532 354 615 442 μετὰ
629 363 730 423 τοῦτο
746 362 873 444 ἔπεμπε
889 356 974 441 ές
938 385 1003 448 την
1016 360 1086 431 Κύ

79 477 148 538 μην
163 447 342 539 ἀγγέλους,
359 453 530 523 ἐκδιδόναι
544 455 694 524 κελεύων
709 457 882 581 Πακτύην.
916 464 953 528 οί
964 458 1003 530 δδ
1017 468 1086 531 Κυ·

80 560 173 633 μαῑοι
184 554 338 635 ἔγνωσαν
357 560 553 641 συμβουλῆς
573 558 650 642 πέρι
671 557 705 635 ἐς
723 554 811 624 θεόν
830 554 961 651 ἄν’ῷσαι
977 559 1042 630 τόν
1053 564 1088 631 ἐν

78 652 291 735 Βραγχίδῃσι.
323 641 369 736 ἦν
384 646 450 739 γδρ
468 648 592 720 αὐτόθι
606 654 770 743 μαντήιον
781 658 818 724 έκ
829 664 976 728 παλαιοῦ
994 662 1086 749 ίδρυ-
1112 688 1117 697 ·

78 747 200 832 μένον,
222 754 268 837 τῷ
288 745 402 827 Ἴωνές
417 776 454 818 τε
473 751 597 831 πάντες
613 755 669 821 καλ
682 756 819 833 Αἰολέες
840 754 996 826 ἐύθεσαν
1008 764 1086 847 χρᾶ-

78 854 170 912 σθαι.
204 842 222 912 6
245 814 282 914 δέ
303 853 410 936 χῶρος
434 842 534 929 οὗτός
557 852 627 919 ἐστι
646 857 705 938 τῆς
721 858 891 941 Μιλησίης
913 854 1002 941 ὑπέρ
1016 862 1085 924 Ha·

36 947 210 1034 οθνόρμου
235 953 377 1035 λιμένος
428 944 682 1038 Πέμψαυτες’
654 978 704 1019 ων
728 957 763 1020 ο
782 960 932 1040 Κυμαῖοι
956 956 991 1034 ἐς
1011 952 1083 1033 τούς

81 1052 265 1133 Βραγχίδας
285 1050 502 1136 θεοπρόπους
524 1049 682 1134 είρύτεον
699 1053 776 1136 περὶ
794 1050 958 1138 Πακτύην
971 1048 1084 1121 δκοίότ

78 1175 110 1216 τι
128 1148 297 1228 ποιέοντες
314 1158 426 1219 θεοῖσι
440 1151 595 1237 μέλλοιεν
619 1150 825 1239 χαριέεσθαι
852 1153 1081 1247 ἐπειρωτέουοι

43 1265 47 1271 ’
78 1245 119 1313 δέ
143 1266 204 1331 σφι
224 1272 328 1315 ταυτα
344 1248 547 1336 χρηστήριον
570 1250 700 1334 ἐγένετο
731 1250 902 1318 ἐκδιδόναι
925 1250 1082 1338 Πακτύην
1118 1270 1128 1327 ς.

78 1344 236 1433 Πέρσησι.
269 1372 373 1414 ταυτα
394 1343 477 1415 δέ
455 1373 499 1426 ως
521 1343 804 1432 ἄπενειχθέυτα”
780 1368 934 1434 ηκουσαν
961 1354 998 1418 οί
1016 1356 1080 1417 Κν-
1118 1360 1128 1419 i:

79 1457 190 1530 μαῖον,
213 1440 363 1531 ὦρμέατο
387 1443 566 1514 ἐκδιδόναι.
603 1441 812 1529 ὁρμεομένου
836 1444 873 1512 δέ
898 1445 1011 1537 ταύτῃΙ
1027 1451 1080 1514 τοῦ

80 1541 229 1629 πλήθεος
247 1539 471 1629 Ἀριστόδικος
496 1540 514 1611 6
533 1539 756 1627 Ἡρακλείδεω
778 1540 865 1630 ἀνὴρ
886 1549 956 1611 τῶν
977 1540 1079 1613 ἀστόν

81 1637 146 1708 έδυ
158 1641 294 1727 δόκιμος
309 1648 383 1729 ἔσχε
393 1640 438 1731 μὴ
451 1648 588 1728 ποιῆσαι
598 1646 703 1708 ταῦτα
713 1647 905 1726 Κυμαίους,
921 1638 1079 1711 ἀπιστέων

79 1766 115 1808 τε
135 1747 181 1832 τῷ
201 1749 337 1832 χρησμῷ
357 1744 412 1810 καὶ
433 1744 561 1810 δοκέων
581 1738 662 1820 τούς
680 1739 897 1830 θεοπρόπους
918 1737 961 1809 ού
977 1742 1079 1827 λέγειν

79 1839 248 1928 ἀληθέως,
265 1847 298 1922 ἐς
313 1840 379 1911 δτό
395 1843 556 1929 δεύτερον
570 1844 647 1929 περί
655 1840 820 1909 Πακτύεω
834 1841 1080 1929 ἐπειρησόμενω

36 1943 66 1998 59
77 1937 177 2026 ἤϊσαν
192 1936 288 2008 ἄλλοι
303 1942 509 2029 θεοπρόποι,
524 1947 593 2009 τῶν
607 1942 663 2008 καλ
676 1936 900 2025 Ἀριστόδικος
912 1932 967 2026 ἦν.
996 1936 1080 2009 'Aur
1126 2009 1128 2031 Ι

76 2040 230 2123 νομένων
242 2037 279 2105 δέ
290 2040 322 2116 ές
328 2043 514 2125 Βραγχίδας
525 2037 793 2124 ἐχρηστηριάζετο
805 2039 841 2105 ἐκ
850 2034 990 2106 πάντων
999 2034 1078 2125 Ἀρι-
1126 2040 1128 2047 ’

76 2135 230 2213 στόδικος
244 2136 451 2222 ἐπειρωτέων
466 2135 561 2204 τόδε·
580 2128 699 2221 Ὦναξ,
713 2128 800 2222 ἦλθε
811 2132 886 2224 παρ’
900 2133 1005 2225 ἡμέας
1019 2135 1081 2204 ίκέ-

75 2258 133 2319 της
139 2232 298 2319 Πακτύης
311 2231 329 2300 6
341 2231 454 2313 Λυδός
465 2235 604 2320 φεύγων
614 2233 769 2301 θάνατον
779 2240 893 2321 βίαιον
904 2230 1081 2320 πρδςΠερ·

77 2333 181 2398 σέων·
208 2356 239 2399 οι
232 2334 303 2399 δέ
320 2359 380 2419 μιν
402 2335 603 2413 ἐξαιτέονται
623 2345 779 2451 προεῖναι
800 2331 999 2411 κελεύοντες
1014 2338 1102 2401 Κυ·.

76 2436 205 2514 μαίους.
222 2426 317 2516 ἡμεῖς
331 2430 368 2498 δέ
382 2433 610 2517 δειμαίνοντες
622 2457 684 2518 την
694 2431 854 2516 Περσέων
865 2426 1061 2517 δύναμιν
1027 2454 1082 2545 τον

76 2532 188 2613 ἱκέτην
206 2531 239 2604 ἐς
255 2527 389 2597 τόδε’
349 2556 391 2598 ου
411 2529 661 2617 τετολμήκαμεν
678 2526 865 2617 ἐκδιδόναι,
886 2524 1012 2614 πρὶυ“
989 2553 1034 2596 αν
1048 2520 1081 2593 τό

76 2623 142 2692 ἀπὸ
160 2632 221 2692 σεῦ
235 2620 317 2712 ἡμῖν
333 2631 470 2716 δηλωθῇ
488 2624 706 2714 ἀτρεκέως,
691 2628 833 2716 οκότερα
847 2628 1025 2713 ποιέωμεν.
1050 2620 1083 2691 ‘0

76 2724 139 2811 μὲν
152 2733 258 2791 ταῦτα
273 2726 453 2812 ε’πειρύτα,
472 2751 490 2793 ο
477 2722 539 2792 δ’
556 2719 652 2806 αύτις
665 2724 727 2794 τδν
741 2722 847 2794 αύτόν
861 2745 922 2813 σφι
938 2720 1084 2814 χρησμόν

76 2829 195 2910 ἔφαινε
207 2822 357 2889 κελεύων
368 2823 539 2891 ἐκδιδόναι
545 2824 708 2911 Πακτύην
714 2827 873 2915 Πέρσησι.
887 2822 973 2911 πρὸς
983 2830 1085 2891 ταῦτα

75 2920 94 2990 6
115 2918 341 3013 Ἀριστόδικος
363 2928 400 2992 έκ
427 2932 588 3013 προνοίης
609 2927 717 2993 ἐποίεε
736 2925 833 2993 τόδε·
863 2922 1008 3011 περιιών
1028 2920 1085 2991 τόν

74 3018 162 3107 νηόν
182 3022 297 3112 κύκλφ
315 3024 440 3109 ἐξαίρεε
459 3020 539 3102 τούς
559 3020 751 3111 στρουθούς
771 3026 828 3091 καὶ
850 3019 935 3090 ἄλλα
958 3018 1023 3089 ὅσα
1042 3013 1086 3109 ἦν

74 3125 342 3209 νενεοσσευμένα
359 3120 513 3211 ὀρνίθων
526 3131 626 3210 γένεα
640 3128 678 3192 ἐν
694 3130 741 3215 ’τῷ
754 3129 834 3214 νηῷ.
859 3122 1035 3201 ποιέοντος
1051 3118 1085 3190 δέ

75 3217 181 3287 αὐτοῦ
194 3226 299 3288 ταῦτα
309 3225 440 3309 λέγεται
452 3219 573 3310 φωνὴν
584 3224 621 3290 ἐκ
632 3228 694 3289 τοῦ
704 3219 833 3290 ύδύτου
846 3222 1012 3306 γενέσθαι
1026 3220 1091 3305 φέ-’

75 3336 205 3405 ρουσαν
220 3318 282 3403 μὲν
302 3317 386 3406 πρός
403 3316 464 3388 τόν
481 3317 725 3406 Ἀριστόδικον,
748 3322 916 3407 λέγουσαν
937 3318 976 3385 δὲ
990 3316 1085 3385 τάδε·

69 3416 289 3488 Ἀυοσιιότατε
310 3415 524 3505 ἀνθρώπων,
545 3424 581 3487 τί
596 3419 677 3489 τόδε
695 3424 819 3505 τολμᾷς
838 3419 987 3493 ποιέειυς
1008 3411 1087 3493 τοδς
