2354 3840
340 184 428 240 ιιε.
460 185 505 242 111.
539 185 636 245 σεε.
668 195 753 249 ιε-
766 198 810 251 49.
1018 195 1081 264 2³7

69 364 152 409 νεον
181 346 238 410 καὶ
271 339 365 432 ζῴων
386 344 631 462 ἐνυφασμένων
654 353 806 434 συχνόν,
829 359 1081 441 κεκοσμημένον

65 435 106 506 δὲ
126 443 240 528 χρυσῷ
253 409 310 507 κάλ
327 436 492 526 είρίοισι’
472 437 539 508 aad
557 439 677 521 ξύλου·
698 450 767 513 τῶν
781 449 819 515 δδ
834 451 964 519 εἵνεκεν
1007 461 1081 520 θω-

65 536 173 622 μάσαι
198 534 311 622 ἄξιον,
338 534 510 658 ἁρπεδόνη
542 537 664 626 ἑκάστη
687 548 750 609 τοῦ
774 542 932 634 θώρηκος
956 551 1078 618 ποιίει·

66 636 171 702 ἐούσα
190 632 257 721 μὰρ
277 631 380 755 λεπτῇ
401 640 467 721 ἔχει
488 631 678 723 ἁρπεδόνας
697 641 736 708 ἐν
757 643 864 734 ἑωυτῇ
887 653 1078 733 τριηκοσίας
1124 638 1126 643 ’

66 735 123 801 καὶ
138 733 314 821 ἐξήκοντα,
332 733 441 812 πάσας
457 735 623 822 φανεράς·
645 745 797 820 τοιοῦτος
811 743 924 830 ἕτερός
939 745 1078 814 ἐστικαὶ

64 829 128 900 τόν
147 833 185 900 ἐν
198 835 314 921 Λίνδῳ
331 828 478 918 άνέθηκε
492 839 533 922 τῇ
552 829 713 925 Ἀθηναίη
729 835 877 924 Ἄμασις.
922 851 1078 912 Συνεπε-
1090 858 1125 915 48

64 927 210 1015 λάβυντο
228 929 266 996 δὲ
282 933 344 995 τοῦ
364 927 610 1016 στρατεύματος
629 937 691 999 τοῦ
712 934 765 1002 ἐπὶ
778 935 945 1024 Σάμον“
917 958 1002 1007 ωστε
1017 966 1077 1026 με·

65 1027 187 1094 νέσθαι
203 1030 259 1094 καί
274 1031 455 1110 Κορίνθιοι
475 1028 678 1113 προθύμως·
707 1028 857 1120 ὕβρισμα
875 1032 942 1124 γὰρ
961 1039 1018 1105 καὶ
1042 1040 1076 1115 ἐς

64 1135 205 1214 τούτους
230 1131 298 1220 εἶχε
322 1134 358 1200 ἐκ
382 1136 452 1199 τοῖν
477 1138 621 1218 Σαμίων
640 1130 826 1219 γενόμενον
851 1140 947 1223 τρίτη
972 1140 1074 1223 γενεῇ

66 1234 230 1323 πρότερον
241 1238 303 1301 τού
318 1230 560 1320 στρατεύματος
577 1231 712 1318 τούτου,
731 1231 833 1318 [κατὰ
846 1233 883 1301 δὲ
895 1232 955 1302 τόν
968 1231 1075 1302 αύτόν

66 1334 192 1424 χρόνον
204 1338 266 1402 τοῦ
283 1337 446 1420 κρητῇρος
454 1336 497 1419 τῇ
511 1329 647 1422 ἁρπαγῇ
663 1329 826 1419 μεχονός].
855 1339 1076 1421 Κερκυραίων

65 1434 132 1521 γάρ
150 1439 273 1512 παῖδας
289 1436 500 1518 τριηκοσίους
518 1429 654 1518 άνδρόν
670 1436 739 1498 τῶν
762 1430 907 1521 πρύτων
924 1440 1071 1519 Περίαν·

63 1539 145 1620 δρος
162 1533 181 1602 ό
199 1533 361 1615 Κυψέλου
386 1535 419 1611 ἐς
439 1530 568 1618 Σάρδις
591 1529 765 1618 ἀπέπεμψε
788 1527 869 1619 παρ’
891 1529 1076 1619 Ἀλυάττην

65 1632 116 1703 ἐκ’
137 1636 274 1723 ἐκτομῇ·
293 1631 532 1721 προσσχόντων
556 1631 594 1700 δέ
618 1633 652 1710 ἐς
667 1628 729 1717 τῇν
746 1631 865 1720 Σάμον
882 1638 952 1700 τοῖν
970 1629 1075 1719 άγόν·

64 1760 133 1802 των
150 1731 231 1812 τούς
249 1737 372 1822 παῖδας
390 1737 604 1819 Κορινθίων,
623 1729 812 1819 πυθόμενοι
829 1736 865 1800 οί
880 1732 1002 1818 Σάμιοι
1020 1729 1073 1800 ἐπ’

64 1829 131 1903 οἷσι
141 1829 277 1917 ἁμοίατο
288 1833 322 1910 ἐς
332 1829 478 1919 Σάρδις,
493 1837 609 1917 πρῶτα
619 1833 682 1916 μὲν
692 1830 772 1909 τούς
782 1835 903 1909 παῖδας
916 1832 1072 1910 ἐδίδαξαν

64 1935 140 2021 ίροῦ
158 1928 312 2012 ἅψασθαι
325 1927 528 2020 Ἀρτέμιδος,
551 1925 633 2014 μετά
649 1931 686 1996 δὲ
700 1925 743 1996 ού
758 1931 990 2016 περιορέοντες
1006 1925 1071 1998 άπ-

64 2033 174 2099 ἐλκειν
193 2025 272 2105 τοὰς
292 2027 401 2106 ίκέτας
418 2029 455 2094 ἐκ
474 2033 536 2095 τοῦ
551 2031 645 2112 ίρού,
668 2033 784 2095 σιτίων
800 2025 836 2095 δέ
849 2023 930 2106 τούς
950 2029 1071 2105 παῖδας

62 2126 233 2215 ἐρρόντων
247 2132 463 2212 Κορινθίων,
484 2125 683 2213 ἐποιήσαντο
701 2129 736 2194 ολ
748 2124 874 2212 Σάμιοι
889 2122 1011 2215 ὁρτήν,
1031 2133 1071 2214 τῇ

62 2231 117 2297 καὶ
138 2232 205 2295 νῦν
218 2231 266 2293 ἐτι
281 2226 434 2313 χρίονται
449 2222 532 2293 κατὰ
544 2221 669 2293 ταύτά·
690 2221 815 2304 νικιτὰς
829 2223 896 2312 γάρ
917 2227 1071 2311 ἐπνμενο-

54 2333 181 2415 μένης,
196 2325 279 2394 ὅσον
295 2324 420 2412 χρόνον
434 2327 585 2393 ίκέτευον
599 2327 634 2392 οί
645 2329 775 2409 παῖδας,
791 2327 932 2392 ἵστασαν
945 2321 1068 2411 χορούς

62 2427 245 2514 παρθένων
259 2452 296 2494 τε
309 2426 366 2494 καὶ
379 2421 518 2512 ἠιθέων,
533 2422 683 2501 ίστάυτες
697 2421 734 2490 δέ
747 2420 827 2501 τούς
840 2420 963 2510 χορούς
979 2449 1068 2511 τρω-
1099 2494 1104 2501 ,

62 2521 123 2593 κτὰ
145 2521 298 2609 σησάμου
321 2550 358 2591 τε
381 2524 437 2592 καὶ
462 2525 592 2610 μέλιτος
613 2518 811 2605 ἐποιήσαντο
835 2517 943 2606 νόμον
963 2523 1070 2608 φόρε-

62 2631 162 2706 σθαι,
179 2622 237 2688 ἵνα
251 2615 453 2705 ἁρπάζοντες
469 2625 504 2689 οί
514 2626 582 2687 τῶν
595 2622 816 2704 Κερκυραίων
829 2621 945 2696 παῖδας
962 2621 1070 2704 ἐχοιεν

60 2720 197 2809 τροφήν.
240 2723 273 2800 ἐς
291 2724 390 2789 τούτο
415 2718 454 2786 δέ
476 2716 553 2786 τόδε
577 2718 722 2804 ἐγίνετο,
747 2719 780 2796 ἐς
799 2712 818 2784 δ
841 2719 876 2784 οί
892 2722 1070 2803 Κορίνθιοι

61 2827 130 2890 τῶν
149 2826 282 2889 παίδων
305 2824 341 2888 οί
355 2817 498 2907 φύλακοι
516 2827 647 2905 οἴχοντο
671 2814 907 2895 ἀπολιπόντες·
933 2814 1013 2899 τούς
1033 2814 1070 2882 δέ
1090 2804 1111 2819 ”

61 2918 221 3000 πατδας’
202 2919 378 3007 απῇμαχου
396 2921 430 2999 ἐς
447 2919 681 3009 Κέρκυρανλ
646 2945 664 2986 ο
697 2916 893 3003 ΣάμιοιΕ
894 2916 986 3000 ίμέν
1002 2941 1070 2983 νυν

62 3019 277 3142 Περιάνδρου
318 3019 577 3106 τελευτήσαντος
616 3031 703 3085 τοῖσι
745 3020 954 3104 Κορινθίοισι
988 3019 1071 3100 φίλα

59 3110 103 3208 ἦν
121 3119 206 3212 πρός
223 3119 304 3201 τούς
321 3125 574 3209 Κερκυραίους,
598 3145 629 3186 οι
622 3111 742 3185 δὲ’
702 3141 767 3184 ουκ
785 3111 827 3183 διν
845 3113 1071 3201 συνελάβοντο

59 3226 121 3291 τού
158 3221 402 3309 στρατεύματος
436 3225 498 3288 τού
539 3218 594 3286 ἐπὶ
627 3215 745 3305 Σάμον
778 3215 900 3302 τάύτης
942 3218 1070 3283 εἵνεκεν

59 3327 119 3409 τῇς
136 3327 253 3409 αίτιης.
294 3327 360 3390 νύν
383 3321 484 3390 δέαί
471 3320 513 3388 coz
544 3321 618 3387 ἐπεί
645 3345 680 3387 τε
703 3321 841 3387 ἔκτισαν
863 3313 926 3403 τῇν
948 3321 1069 3402 νῆσον,

62 3424 129 3492 stol
165 3421 327 3510 διάφοροι.
376 3419 506 3490 τούτων
540 3410 589 3487 ὧν
623 3422 750 3488 εἵνεκεν
777 3413 1088 3506 ἀπεμνησικάκεον,

1041 3544 1084 3600 ..α’
