2340 3832
108 205 169 270 298
480 210 730 268 HERODOTI

108 374 194 457 ἔργφ
210 370 245 436 δὲ
263 365 326 436 οῦκ
341 364 567 434 ἀποδεικνῦσι.
597 362 808 434 ἐνθεῦτεν
773 390 834 433 τον
848 363 1054 453 Ηρακλέα’
1036 388 1102 432 m

107 470 227 535 κέσθαι
243 463 324 544 ές
289 493 350 553 την
360 473 427 533 νῦν
438 461 620 583 Σκυθικὴν
633 464 745 552 χώρην
760 467 991 551 καλεομένην·
1012 490 1102 533 κατα-

107 575 222 653 λαβεϊν
235 563 300 651 γάρ
316 562 420 632 αὐτόν
436 565 582 650 χειμῶνά
596 566 701 631 τεκαὶ
716 565 864 683 κρυμόν·
888 563 1140 650 ἐπειρυσάμε

106 691 169 732 υον
193 659 255 748 τῆν
278 662 434 746 λεοντέην
456 664 688 746 κατυπνῶσαι,
711 659 770 739 τάς
794 658 835 726 δέ
857 661 931 725 oc*
915 654 1140 740 ιππουςτάς

107 759 172 828 ἀπὸ
194 766 255 826 τοῦ
273 757 418 844 ἀρματος
435 760 620 843 νεμομένας
641 760 678 824 έν
696 758 804 847 τούτῳ
820 765 866 847 τῷ
887 761 1005 852 χρόνφ
1026 757 1103 847 ἀφο-

73 864 266 943 ςνισθῆναι
288 863 366 944 θείη
386 856 477 943 τόχη.
523 853 582 933 Ὡς
599 853 631 922 δ’
655 858 835 941 ἐγερθῆναι
856 855 919 925 τὸν
934 857 1103 945 Ἡρακλέα,

108 959 278 1039 δίζησθαι,
300 953 410 1020 πάντα
436 953 473 1019 δέ
496 951 536 1027 τὰ
559 959 616 1037 τῆς
637 953 746 1039 χώρης
770 956 1000 1034 ἐπεξελθόντα
1024 959 1104 1031 τέλος

108 1050 288 1118 ἀπικέσθαι
303 1049 384 1130 ές
350 1078 412 1138 την
427 1049 560 1137 Τλαίην
575 1055 780 1137 καλεομένην
800 1060 881 1138 γῆν
906 1058 1061 1123 ἐνθαῦτα
1075 1054 1104 1120 δὲ

107 1148 211 1218 αὐτὸν
228 1148 340 1234 εὑρεῖν
361 1150 435 1219 έν”
414 1177 524 1242 αντρφ
542 1149 794 1272 μιξοπάρθενόν
808 1178 884 1218 τινα
907 1159 1048 1240 ἔχιδναν
1061 1158 1103 1221 δι·
1138 1194 1140 1255 η

107 1253 210 1336 φυέα,
231 1257 288 1336 τῆς
305 1276 344 1317 τα
333 1248 466 1336 “”μὲν
445 1276 515 1316 ανω
536 1246 601 1316 ἀπό
617 1255 684 1316 τῶν
707 1253 861 1334 γλουτῦυ
886 1249 977 1321 εἶναι
992 1278 1140 1341 γυναι,

105 1344 242 1433 κὸς,τά
264 1351 301 1415 δέ
321 1346 489 1434 ένερθε”
469 1373 574 1434 οφιος.
609 1347 724 1416 ἰδόντα
745 1348 781 1414 δὲ
802 1349 858 1414 καὶ
896 1349 1140 1434 θωμάσαντα“

106 1449 299 1531 έπειρεσθαί
313 1472 387 1531 μιν,
406 1455 440 1513 εἴ
448 1456 535 1512 κουλ
524 1448 616 1513 λ’δοι“
602 1470 724 1522 ιππονς
737 1447 984 1531 πλανεομένας·
1000 1445 1063 1536 τῆν
1074 1444 1102 1512 66

106 1543 213 1628 φάναι
228 1541 355 1628 έωυτῆν
371 1550 475 1630 ἔχειν,
496 1547 551 1610 καλ
568 1541 630 1610 οῦκ
648 1541 837 1610 ἀποδώσειν
853 1544 974 1636 έκείνφ
996 1539 1101 1628 πρλνῆ

106 1646 140 1708 οἱ
158 1648 335 1726 μιχθῆναι·
358 1639 417 1708 τόν
439 1643 476 1708 δέ
493 1639 655 1725 Ἡρακλέα
675 1647 835 1726 μιχθῆναι
856 1641 910 1707 ἐπὶ
931 1647 979 1731 τῷ
1001 1643 1102 1728 μισθῷ
1137 1660 1140 1707 ἐ

105 1738 221 1826 τούτφ.
246 1739 376 1822 ἐκείνην
386 1763 422 1804 τε
439 1734 479 1823 δῆ
496 1734 767 1823 ὑπερβάλλεσθαι
782 1734 843 1823 τῆν
859 1733 1030 1807 ἀπόδοσιν
1045 1744 1101 1805 τῦι

104 1839 233 1919 ἵππων,
260 1837 470 1921 βουλομένην
492 1832 536 1912 ὡς
556 1844 711 1901 πλεῖστον
735 1834 859 1920 χρόνον
883 1849 1043 1903 συνιέναι
1064 1838 1100 1921 τῷ
1138 1906 1140 1915 ,

99 1935 266 2017 Ἡρακλέϊ,
292 1935 347 1999 καλ
361 1929 421 1999 τόν
435 1932 662 2017 κομισάμενον
672 1932 803 1998 ἐθέλειν
814 1927 1100 2001 ἀπαλλάσσεσθαι

105 2035 197 2108 τέλος
212 2031 248 2096 δὲ
260 2027 487 2095 ἀποδιδοῦσαν
498 2026 604 2113 αῦτῆν
616 2035 720 2097 εἰπεῖν
729 2027 887 2106 ·”Ἰππους
896 2029 963 2114 μὲν
974 2027 1018 2116 δῆ
1029 2027 1101 2096 ταό·

105 2154 163 2204 τας
177 2125 380 2208 ἀπικομένας
400 2125 524 2191 ἐνθάδε
546 2125 654 2192 έσωσά
675 2151 727 2191 τοι
748 2122 829 2210 έγῦ,
851 2131 987 2213 σῶστρα
1009 2121 1099 2194 δέσό

105 2223 281 2308 παρέσχες
306 2226 368 2305 ἐχω
383 2218 448 2306 γάρ
460 2224 496 2288 ἐκ
511 2225 567 2288 σέο
578 2226 698 2300 παῖδας
710 2235 813 2308 τρεῖς·
835 2223 991 2309 τούτους,
1008 2220 1140 2305 έπεάν

103 2321 268 2408 γένωνται
289 2318 442 2405 τρόφιες,
465 2318 485 2386 ό
504 2346 535 2386 τι
556 2316 617 2439 χρῆ
640 2323 783 2405 ποιέειν,
812 2321 939 2443 ἐξηγέο
959 2321 1022 2410 σῦ,
1045 2330 1140 2391 τίετ’

105 2415 211 2485 αῦτον
197 2423 400 2497 κατοικίζω
374 2418 537 2533 ωζχηόρης
550 2416 615 2504 γάρ
630 2421 729 2502 τῆσδε
744 2414 854 2501 ἔχω
819 2441 856 2484 το
872 2419 998 2504 κράτος
1008 2418 1097 2506 αὐτῆ)

105 2525 169 2583 εἴτε
184 2511 368 2599 ἀποπέμπω
382 2509 469 2600 παρὰ
486 2521 531 2583 σέ.
577 2513 646 2600 Τῆν
660 2517 722 2600 μὲν
737 2513 777 2602 66
791 2522 895 2582 ταῦτα
909 2519 1098 2605 ἐπειρωτᾶν,

104 2610 164 2677 τόν
182 2613 218 2678 δέ
240 2612 374 2693 λέγουσι
392 2610 476 2694 πρός
495 2620 599 2679 ταῦτα
615 2619 735 2680 εἰπεῖν·
767 2610 885 2680 Ἐπεάν
907 2611 1098 2702 ἀνδρωθέν-

103 2734 162 2785 τας
194 2713 249 2795 ἴδη
274 2705 354 2785 τοῦς
390 2712 525 2796 παῖδας,
548 2710 627 2777 τάδε
644 2716 784 2777 ποιεῦσα
806 2706 868 2777 οῦκ
886 2706 930 2777 ἀν
954 2710 1098 2799 ἁμαρτά-

104 2831 191 2884 νοις
213 2803 273 2872 τόν
287 2806 350 2890 μὲν
365 2801 408 2873 ἀν
419 2805 500 2896 ὁρᾷς
512 2806 625 2876 αὐτῶν
639 2807 765 2875 τόδετὸ
781 2809 880 2888 τόξον
897 2802 966 2878 ὦδε
981 2817 1098 2880 διατει-

104 2902 250 2990 νόμενον
270 2907 388 2992 καὶτῷ
410 2910 547 2992 ζωστῆρι
564 2911 648 2996 τῷδε
670 2905 754 2974 κατὰ
776 2907 854 2974 τάδε
876 2912 1097 2997 ζωννύμενον,
1131 2958 1140 3001 ¹.

104 3006 224 3068 τοῦτον
238 3001 300 3086 μὲν
316 3005 416 3086 τῆσδε
435 3010 491 3088 τῆς
511 3004 620 3089 χάρης
641 3004 798 3093 οἰκήτορα
814 3012 929 3073 ποιεῦ·
953 3006 992 3087 69
1008 3007 1040 3077 δ’
1060 3003 1098 3075 ἀν

103 3097 233 3164 τούτων
247 3104 315 3164 τῶν
331 3103 439 3185 ἔργων
454 3108 522 3167 τῶν
533 3103 724 3186 ἐντέλλομαι
733 3110 897 3197 λείπηται,
906 3109 1055 3194 ἔκπεμπε
1067 3108 1098 3173 έν

103 3205 160 3284 τῆς
174 3198 289 3284 χώρης.
320 3204 497 3269 καὶταῦτα
519 3210 661 3271 ποιεῦσα
681 3201 766 3291 αὐτῆ
786 3230 822 3272 τε
843 3201 1030 3291 εὐφρανέαι
1050 3204 1097 3272 καὶ

57 3311 89 3363 10
104 3293 142 3362 τά
159 3298 376 3384 ἐντεταλμένα
395 3301 552 3387 ποιήσεις.
602 3299 670 3368 Τόν
689 3304 752 3386 μέν
772 3299 812 3386 δῆ
834 3302 1018 3385 ελρόσαντα
1037 3308 1099 3371 τόν

102 3392 208 3472 τόξων
229 3390 264 3460 τό
284 3396 399 3475 ἕτερον
420 3396 498 3478 (δόο
517 3396 582 3482 γάρ
605 3395 646 3485 δῆ
667 3402 802 3483 φορέειν
816 3401 898 3478 τέως
913 3399 1098 3485 Ἡρακλέα),
