<?xml version="1.0" encoding="UTF-8"?>
<!DOCTYPE html PUBLIC "-//W3C//DTD XHTML 1.0 Transitional//EN"
    "http://www.w3.org/TR/xhtml1/DTD/xhtml1-transitional.dtd">
<html xmlns="http://www.w3.org/1999/xhtml" xml:lang="en" lang="en">
 <head>
  <title>
</title>
<meta http-equiv="Content-Type" content="text/html;charset=utf-8" />
  <meta name='ocr-system' content='tesseract 3.04.00' />
  <meta name='ocr-capabilities' content='ocr_page ocr_carea ocr_par ocr_line ocrx_word'/>
</head>
<body>
  <div class='ocr_page' id='page_1' title='image "./herodotihistori03herogoog_0099.png"; bbox 0 0 2354 3840; ppageno 0'>
   <div class='ocr_carea' id='block_1_1' title="bbox 86 164 717 231">
    <p class='ocr_par' dir='ltr' id='par_1_1' title="bbox 86 164 717 231">
     <span class='ocr_line' id='line_1_1' title="bbox 86 164 717 231; baseline 0 -1"><span class='ocrx_word' id='word_1_1' title='bbox 86 164 128 230; x_wconf 78' lang='grc'><strong><em>88</em></strong></span> <span class='ocrx_word' id='word_1_2' title='bbox 464 172 717 231; x_wconf 82' lang='lat' dir='ltr'>HERODOTI</span> 
     </span>
    </p>
   </div>
   <div class='ocr_carea' id='block_1_2' title="bbox 37 321 1087 3449">
    <p class='ocr_par' dir='ltr' id='par_1_2' title="bbox 37 321 1087 3449">
     <span class='ocr_line' id='line_1_2' title="bbox 86 321 1087 416; baseline 0.004 -24"><span class='ocrx_word' id='word_1_3' title='bbox 86 321 235 410; x_wconf 84' lang='grc' dir='ltr'><strong><em>ἀριθμόν</em></strong></span> <span class='ocrx_word' id='word_1_4' title='bbox 250 324 424 414; x_wconf 77' lang='grc' dir='ltr'><strong><em>ἑξήκοντα,</em></strong></span> <span class='ocrx_word' id='word_1_5' title='bbox 445 324 600 414; x_wconf 74' lang='grc' dir='ltr'><strong><em>ήντίαζον</em></strong></span> <span class='ocrx_word' id='word_1_6' title='bbox 614 330 647 405; x_wconf 87' lang='grc' dir='ltr'><strong><em>ές</em></strong></span> <span class='ocrx_word' id='word_1_7' title='bbox 666 326 704 395; x_wconf 86' lang='grc' dir='ltr'><strong><em>τό</em></strong></span> <span class='ocrx_word' id='word_1_8' title='bbox 719 328 914 416; x_wconf 75' lang='grc' dir='ltr'><strong><em>Σαρδόνιον</em></strong></span> <span class='ocrx_word' id='word_1_9' title='bbox 927 326 1087 415; x_wconf 85' lang='grc' dir='ltr'><strong><em>καλεόμε-</em></strong></span> 
     </span>
     <span class='ocr_line' id='line_1_3' title="bbox 86 423 1087 515; baseline 0 -24"><span class='ocrx_word' id='word_1_10' title='bbox 86 450 149 492; x_wconf 86' lang='grc' dir='ltr'><strong><em>νον</em></strong></span> <span class='ocrx_word' id='word_1_11' title='bbox 160 427 309 510; x_wconf 88' lang='grc' dir='ltr'><strong><em>πέλαγος.</em></strong></span> <span class='ocrx_word' id='word_1_12' title='bbox 337 425 594 512; x_wconf 91' lang='grc' dir='ltr'><strong><em>συμμισγόντων</em></strong></span> <span class='ocrx_word' id='word_1_13' title='bbox 605 423 642 492; x_wconf 73' lang='grc' dir='ltr'><strong><em>δὲ</em></strong></span> <span class='ocrx_word' id='word_1_14' title='bbox 652 431 692 513; x_wconf 79' lang='grc' dir='ltr'><strong><em>τῇ</em></strong></span> <span class='ocrx_word' id='word_1_15' title='bbox 703 429 1032 515; x_wconf 81' lang='grc' dir='ltr'><strong><em>νανμαχίηΚαδμηίη</em></strong></span> <span class='ocrx_word' id='word_1_16' title='bbox 1042 448 1087 503; x_wconf 87' lang='grc' dir='ltr'><strong><em>τις</em></strong></span> 
     </span>
     <span class='ocr_line' id='line_1_4' title="bbox 85 517 1086 610; baseline -0.001 -22"><span class='ocrx_word' id='word_1_17' title='bbox 85 527 162 607; x_wconf 98' lang='grc' dir='ltr'><strong><em>νίκη</em></strong></span> <span class='ocrx_word' id='word_1_18' title='bbox 179 536 264 590; x_wconf 72' lang='grc' dir='ltr'><strong><em>τοῖσι</em></strong></span> <span class='ocrx_word' id='word_1_19' title='bbox 276 528 467 590; x_wconf 72' lang='grc' dir='ltr'><strong><em>Φωκαιεῦσι</em></strong></span> <span class='ocrx_word' id='word_1_20' title='bbox 481 523 620 606; x_wconf 70' lang='grc' dir='ltr'><strong><em>ἐγένετο.</em></strong></span> <span class='ocrx_word' id='word_1_21' title='bbox 648 525 685 589; x_wconf 94' lang='grc' dir='ltr'><strong><em>αί</em></strong></span> <span class='ocrx_word' id='word_1_22' title='bbox 695 525 757 608; x_wconf 78' lang='grc' dir='ltr'><strong><em>μὲν</em></strong></span> <span class='ocrx_word' id='word_1_23' title='bbox 768 521 834 610; x_wconf 87' lang='grc' dir='ltr'><strong><em>γάρ</em></strong></span> <span class='ocrx_word' id='word_1_24' title='bbox 845 517 1086 609; x_wconf 73' lang='grc' dir='ltr'><strong><em>τεσσεράκοντά</em></strong></span> 
     </span>
     <span class='ocr_line' id='line_1_5' title="bbox 85 609 1085 705; baseline -0.003 -19"><span class='ocrx_word' id='word_1_25' title='bbox 85 637 146 705; x_wconf 91' lang='grc' dir='ltr'><strong><em>σφι</em></strong></span> <span class='ocrx_word' id='word_1_26' title='bbox 161 621 234 697; x_wconf 89' lang='grc' dir='ltr'><strong><em>νέες</em></strong></span> <span class='ocrx_word' id='word_1_27' title='bbox 251 619 504 705; x_wconf 71' lang='grc' dir='ltr'><strong><em>διεφθάρησαν,</em></strong></span> <span class='ocrx_word' id='word_1_28' title='bbox 528 623 564 687; x_wconf 94' lang='grc' dir='ltr'><strong><em>αί</em></strong></span> <span class='ocrx_word' id='word_1_29' title='bbox 575 619 612 686; x_wconf 76' lang='grc' dir='ltr'><strong><em>δὲ</em></strong></span> <span class='ocrx_word' id='word_1_30' title='bbox 627 628 731 686; x_wconf 90' lang='grc' dir='ltr'><strong><em>είκοσι</em></strong></span> <span class='ocrx_word' id='word_1_31' title='bbox 746 623 783 686; x_wconf 89' lang='grc' dir='ltr'><strong><em>αί</em></strong></span> <span class='ocrx_word' id='word_1_32' title='bbox 793 624 989 705; x_wconf 80' lang='grc' dir='ltr'><strong><em>περιεοῦσαι</em></strong></span> <span class='ocrx_word' id='word_1_33' title='bbox 1003 609 1085 703; x_wconf 77' lang='grc' dir='ltr'><strong><em>ἦσαν</em></strong></span> 
     </span>
     <span class='ocr_line' id='line_1_6' title="bbox 85 712 1087 803; baseline 0 -23"><span class='ocrx_word' id='word_1_34' title='bbox 85 713 257 801; x_wconf 81' lang='grc' dir='ltr'><strong><em>ἀχρηστοι·</em></strong></span> <span class='ocrx_word' id='word_1_35' title='bbox 271 714 514 802; x_wconf 79' lang='grc' dir='ltr'><strong><em>ἀπεστράφατο</em></strong></span> <span class='ocrx_word' id='word_1_36' title='bbox 531 715 599 802; x_wconf 82' lang='grc' dir='ltr'><strong><em>γὰρ</em></strong></span> <span class='ocrx_word' id='word_1_37' title='bbox 615 712 694 795; x_wconf 76' lang='grc' dir='ltr'><strong><em>τούς</em></strong></span> <span class='ocrx_word' id='word_1_38' title='bbox 709 716 882 803; x_wconf 76' lang='grc' dir='ltr'><strong><em>ἐμβόλους.</em></strong></span> <span class='ocrx_word' id='word_1_39' title='bbox 913 712 1087 783; x_wconf 78' lang='grc' dir='ltr'><strong><em>καταπλέ-</em></strong></span> 
     </span>
     <span class='ocr_line' id='line_1_7' title="bbox 86 807 1086 901; baseline 0 -24"><span class='ocrx_word' id='word_1_40' title='bbox 86 829 202 890; x_wconf 78' lang='grc' dir='ltr'><strong><em>σαντες</em></strong></span> <span class='ocrx_word' id='word_1_41' title='bbox 213 813 249 879; x_wconf 74' lang='grc' dir='ltr'><strong><em>δέ</em></strong></span> <span class='ocrx_word' id='word_1_42' title='bbox 261 815 294 891; x_wconf 85' lang='grc' dir='ltr'><strong><em>ές</em></strong></span> <span class='ocrx_word' id='word_1_43' title='bbox 307 810 370 901; x_wconf 84' lang='grc' dir='ltr'><strong><em>τήν</em></strong></span> <span class='ocrx_word' id='word_1_44' title='bbox 377 811 530 900; x_wconf 75' lang='grc' dir='ltr'><strong><em>Ἀλαλίην</em></strong></span> <span class='ocrx_word' id='word_1_45' title='bbox 544 811 712 899; x_wconf 84' lang='grc' dir='ltr'><strong><em>ἀνέλαβον</em></strong></span> <span class='ocrx_word' id='word_1_46' title='bbox 722 809 763 880; x_wconf 86' lang='grc' dir='ltr'><strong><em>τά</em></strong></span> <span class='ocrx_word' id='word_1_47' title='bbox 775 813 876 879; x_wconf 84' lang='grc' dir='ltr'><strong><em>τέκνα</em></strong></span> <span class='ocrx_word' id='word_1_48' title='bbox 887 813 943 879; x_wconf 81' lang='grc' dir='ltr'><strong><em>καὶ</em></strong></span> <span class='ocrx_word' id='word_1_49' title='bbox 954 807 1017 888; x_wconf 87' lang='grc' dir='ltr'><strong><em>τάς</em></strong></span> <span class='ocrx_word' id='word_1_50' title='bbox 1029 832 1086 895; x_wconf 89' lang='grc' dir='ltr'><strong><em>γν-</em></strong></span> 
     </span>
     <span class='ocr_line' id='line_1_8' title="bbox 84 905 1087 998; baseline -0.004 -21"><span class='ocrx_word' id='word_1_51' title='bbox 84 924 202 989; x_wconf 79' lang='grc' dir='ltr'><strong><em>ναῖκας</em></strong></span> <span class='ocrx_word' id='word_1_52' title='bbox 216 914 270 979; x_wconf 81' lang='grc' dir='ltr'><strong><em>καί</em></strong></span> <span class='ocrx_word' id='word_1_53' title='bbox 291 909 354 998; x_wconf 81' lang='grc' dir='ltr'><strong><em>τήν</em></strong></span> <span class='ocrx_word' id='word_1_54' title='bbox 373 911 479 998; x_wconf 87' lang='grc' dir='ltr'><strong><em>ἀλλην</em></strong></span> <span class='ocrx_word' id='word_1_55' title='bbox 498 919 633 998; x_wconf 83' lang='grc' dir='ltr'><strong><em>κτῆσιν,</em></strong></span> <span class='ocrx_word' id='word_1_56' title='bbox 657 907 741 994; x_wconf 80' lang='grc' dir='ltr'><strong><em>ὅσην</em></strong></span> <span class='ocrx_word' id='word_1_57' title='bbox 755 905 873 976; x_wconf 76' lang='grc' dir='ltr'><strong><em>οἷοίτε</em></strong></span> <span class='ocrx_word' id='word_1_58' title='bbox 890 906 1087 994; x_wconf 76' lang='grc' dir='ltr'><strong><em>ίγίνοντοκί</em></strong></span> 
     </span>
     <span class='ocr_line' id='line_1_9' title="bbox 82 1006 1085 1098; baseline -0.006 -20"><span class='ocrx_word' id='word_1_59' title='bbox 82 1013 156 1089; x_wconf 93' lang='grc' dir='ltr'><strong><em>νέες</em></strong></span> <span class='ocrx_word' id='word_1_60' title='bbox 172 1029 233 1097; x_wconf 93' lang='grc' dir='ltr'><strong><em>σφι</em></strong></span> <span class='ocrx_word' id='word_1_61' title='bbox 248 1009 359 1098; x_wconf 87' lang='grc' dir='ltr'><strong><em>ἀγειυ,</em></strong></span> <span class='ocrx_word' id='word_1_62' title='bbox 377 1016 433 1080; x_wconf 84' lang='grc' dir='ltr'><strong><em>καί</em></strong></span> <span class='ocrx_word' id='word_1_63' title='bbox 444 1019 573 1081; x_wconf 79' lang='grc' dir='ltr'><strong><em>ἔπειτεν</em></strong></span> <span class='ocrx_word' id='word_1_64' title='bbox 587 1009 725 1086; x_wconf 80' lang='grc' dir='ltr'><strong><em>ἀπέντες</em></strong></span> <span class='ocrx_word' id='word_1_65' title='bbox 734 1006 797 1094; x_wconf 77' lang='grc' dir='ltr'><strong><em>τὴν</em></strong></span> <span class='ocrx_word' id='word_1_66' title='bbox 813 1007 949 1095; x_wconf 82' lang='grc' dir='ltr'><strong><em>Κύρνον</em></strong></span> <span class='ocrx_word' id='word_1_67' title='bbox 959 1010 1085 1074; x_wconf 81' lang='grc' dir='ltr'><strong><em>έπλωον</em></strong></span> 
     </span>
     <span class='ocr_line' id='line_1_10' title="bbox 39 1100 1085 1197; baseline -0.012 -15"><span class='ocrx_word' id='word_1_68' title='bbox 39 1122 73 1181; x_wconf 74' lang='grc' dir='ltr'><strong><em>δί</em></strong></span> <span class='ocrx_word' id='word_1_69' title='bbox 83 1110 117 1188; x_wconf 87' lang='grc' dir='ltr'><strong><em>ές</em></strong></span> <span class='ocrx_word' id='word_1_70' title='bbox 124 1106 265 1197; x_wconf 80' lang='grc' dir='ltr'><strong><em>Ῥήγιον.</em></strong></span> <span class='ocrx_word' id='word_1_71' title='bbox 304 1116 380 1177; x_wconf 81' lang='grc' dir='ltr'><strong><em>Τῶν</em></strong></span> <span class='ocrx_word' id='word_1_72' title='bbox 390 1111 427 1178; x_wconf 79' lang='grc' dir='ltr'><strong><em>δὲ</em></strong></span> <span class='ocrx_word' id='word_1_73' title='bbox 440 1110 712 1195; x_wconf 76' lang='grc' dir='ltr'><strong><em>διαφθαρεισέων</em></strong></span> <span class='ocrx_word' id='word_1_74' title='bbox 725 1112 813 1173; x_wconf 81' lang='grc' dir='ltr'><strong><em>νεῶν</em></strong></span> <span class='ocrx_word' id='word_1_75' title='bbox 828 1103 907 1183; x_wconf 76' lang='grc' dir='ltr'><strong><em>τούς</em></strong></span> <span class='ocrx_word' id='word_1_76' title='bbox 917 1100 1085 1190; x_wconf 80' lang='grc' dir='ltr'><strong><em>ἀνδραςά</em></strong></span> 
     </span>
     <span class='ocr_line' id='line_1_11' title="bbox 83 1199 1079 1294; baseline -0.007 -20"><span class='ocrx_word' id='word_1_77' title='bbox 83 1232 119 1274; x_wconf 93' lang='grc' dir='ltr'><strong><em>τε</em></strong></span> <span class='ocrx_word' id='word_1_78' title='bbox 132 1205 357 1292; x_wconf 85' lang='grc' dir='ltr'><strong><em>Καρχηδόνιοι</em></strong></span> <span class='ocrx_word' id='word_1_79' title='bbox 368 1210 423 1276; x_wconf 78' lang='grc' dir='ltr'><strong><em>καί</em></strong></span> <span class='ocrx_word' id='word_1_80' title='bbox 437 1211 472 1275; x_wconf 94' lang='grc' dir='ltr'><strong><em>οί</em></strong></span> <span class='ocrx_word' id='word_1_81' title='bbox 486 1210 655 1294; x_wconf 80' lang='grc' dir='ltr'><strong><em>Τυρσηνοί</em></strong></span> <span class='ocrx_word' id='word_1_82' title='bbox 666 1257 778 1272; x_wconf 92' lang='grc'><strong>.......</strong></span> <span class='ocrx_word' id='word_1_83' title='bbox 795 1202 916 1288; x_wconf 79' lang='grc' dir='ltr'><strong><em>ἔλαχόν</em></strong></span> <span class='ocrx_word' id='word_1_84' title='bbox 926 1228 963 1270; x_wconf 91' lang='grc' dir='ltr'><strong><em>τε</em></strong></span> <span class='ocrx_word' id='word_1_85' title='bbox 973 1199 1079 1269; x_wconf 76' lang='grc' dir='ltr'><strong><em>αὐτόν</em></strong></span> 
     </span>
     <span class='ocr_line' id='line_1_12' title="bbox 83 1303 1079 1394; baseline -0.004 -23"><span class='ocrx_word' id='word_1_86' title='bbox 83 1312 195 1394; x_wconf 78' lang='grc' dir='ltr'><strong><em>πολλῷ</em></strong></span> <span class='ocrx_word' id='word_1_87' title='bbox 224 1308 363 1390; x_wconf 88' lang='grc' dir='ltr'><strong><em>πλέους,</em></strong></span> <span class='ocrx_word' id='word_1_88' title='bbox 392 1308 448 1373; x_wconf 84' lang='grc' dir='ltr'><strong><em>καί</em></strong></span> <span class='ocrx_word' id='word_1_89' title='bbox 470 1306 611 1383; x_wconf 76' lang='grc' dir='ltr'><strong><em>τούτους</em></strong></span> <span class='ocrx_word' id='word_1_90' title='bbox 634 1303 849 1389; x_wconf 73' lang='grc' dir='ltr'><strong><em>ἐξαγαγόντες</em></strong></span> <span class='ocrx_word' id='word_1_91' title='bbox 872 1307 1079 1371; x_wconf 87' lang='grc' dir='ltr'><strong><em>κατέλευσαν.</em></strong></span> 
     </span>
     <span class='ocr_line' id='line_1_13' title="bbox 83 1398 1082 1488; baseline -0.001 -19"><span class='ocrx_word' id='word_1_92' title='bbox 83 1401 164 1487; x_wconf 83' lang='grc' dir='ltr'><strong><em>μετὰ</em></strong></span> <span class='ocrx_word' id='word_1_93' title='bbox 181 1401 217 1468; x_wconf 75' lang='grc' dir='ltr'><strong><em>δὲ</em></strong></span> <span class='ocrx_word' id='word_1_94' title='bbox 233 1399 456 1487; x_wconf 82' lang='grc' dir='ltr'><strong><em>Ἀγυλλαίοισι</em></strong></span> <span class='ocrx_word' id='word_1_95' title='bbox 473 1402 584 1470; x_wconf 78' lang='grc' dir='ltr'><strong><em>πάντα</em></strong></span> <span class='ocrx_word' id='word_1_96' title='bbox 596 1401 637 1469; x_wconf 88' lang='grc' dir='ltr'><strong><em>τά</em></strong></span> <span class='ocrx_word' id='word_1_97' title='bbox 650 1401 816 1488; x_wconf 75' lang='grc' dir='ltr'><strong><em>παριόντα</em></strong></span> <span class='ocrx_word' id='word_1_98' title='bbox 833 1398 894 1467; x_wconf 87' lang='grc' dir='ltr'><strong><em>τόν</em></strong></span> <span class='ocrx_word' id='word_1_99' title='bbox 905 1400 1082 1487; x_wconf 77' lang='grc' dir='ltr'><strong><em>χῶρον,ίν</em></strong></span> 
     </span>
     <span class='ocr_line' id='line_1_14' title="bbox 83 1496 1081 1587; baseline -0.001 -21"><span class='ocrx_word' id='word_1_100' title='bbox 83 1505 129 1587; x_wconf 78' lang='grc' dir='ltr'><strong><em>τῷ</em></strong></span> <span class='ocrx_word' id='word_1_101' title='bbox 151 1503 184 1564; x_wconf 87' lang='grc' dir='ltr'><strong><em>οί</em></strong></span> <span class='ocrx_word' id='word_1_102' title='bbox 203 1503 370 1576; x_wconf 80' lang='grc' dir='ltr'><strong><em>Φωκαιέες</em></strong></span> <span class='ocrx_word' id='word_1_103' title='bbox 397 1501 679 1577; x_wconf 78' lang='grc' dir='ltr'><strong><em>καταλευσθέντες</em></strong></span> <span class='ocrx_word' id='word_1_104' title='bbox 701 1502 831 1586; x_wconf 87' lang='grc' dir='ltr'><strong><em>ε’κέατο,</em></strong></span> <span class='ocrx_word' id='word_1_105' title='bbox 862 1500 989 1583; x_wconf 72' lang='grc' dir='ltr'><strong><em>ἐγένετο</em></strong></span> <span class='ocrx_word' id='word_1_106' title='bbox 1013 1496 1081 1566; x_wconf 78' lang='grc' dir='ltr'><strong><em>διό-</em></strong></span> 
     </span>
     <span class='ocr_line' id='line_1_15' title="bbox 84 1595 1081 1685; baseline -0.003 -19"><span class='ocrx_word' id='word_1_107' title='bbox 84 1616 213 1684; x_wconf 91' lang='grc' dir='ltr'><strong><em>στροφα</em></strong></span> <span class='ocrx_word' id='word_1_108' title='bbox 228 1598 282 1665; x_wconf 84' lang='grc' dir='ltr'><strong><em>καὶ</em></strong></span> <span class='ocrx_word' id='word_1_109' title='bbox 296 1603 426 1685; x_wconf 85' lang='grc' dir='ltr'><strong><em>έμπηρα</em></strong></span> <span class='ocrx_word' id='word_1_110' title='bbox 440 1600 495 1667; x_wconf 85' lang='grc' dir='ltr'><strong><em>καὶ</em></strong></span> <span class='ocrx_word' id='word_1_111' title='bbox 506 1597 719 1684; x_wconf 86' lang='grc' dir='ltr'><strong><em>ἀπόπληκτα,</em></strong></span> <span class='ocrx_word' id='word_1_112' title='bbox 735 1595 857 1683; x_wconf 82' lang='grc' dir='ltr'><strong><em>ὁμοίως</em></strong></span> <span class='ocrx_word' id='word_1_113' title='bbox 870 1596 1081 1685; x_wconf 79' lang='grc' dir='ltr'><strong><em>πρόβατακαί</em></strong></span> 
     </span>
     <span class='ocr_line' id='line_1_16' title="bbox 83 1688 1080 1784; baseline -0.004 -19"><span class='ocrx_word' id='word_1_114' title='bbox 83 1695 247 1781; x_wconf 76' lang='grc' dir='ltr'><strong><em>Ιἀποξόγια</em></strong></span> <span class='ocrx_word' id='word_1_115' title='bbox 268 1701 323 1764; x_wconf 85' lang='grc' dir='ltr'><strong><em>καί</em></strong></span> <span class='ocrx_word' id='word_1_116' title='bbox 343 1695 527 1784; x_wconf 74' lang='grc' dir='ltr'><strong><em>ἄνθρωποι.</em></strong></span> <span class='ocrx_word' id='word_1_117' title='bbox 557 1701 591 1764; x_wconf 87' lang='grc' dir='ltr'><strong><em>οί</em></strong></span> <span class='ocrx_word' id='word_1_118' title='bbox 613 1697 649 1762; x_wconf 75' lang='grc' dir='ltr'><strong><em>δὲ</em></strong></span> <span class='ocrx_word' id='word_1_119' title='bbox 666 1693 853 1781; x_wconf 80' lang='grc' dir='ltr'><strong><em>Ἀγυλλαῖοι</em></strong></span> <span class='ocrx_word' id='word_1_120' title='bbox 874 1696 908 1773; x_wconf 87' lang='grc' dir='ltr'><strong><em>ές</em></strong></span> <span class='ocrx_word' id='word_1_121' title='bbox 928 1688 1080 1780; x_wconf 71' lang='grc' dir='ltr'><strong><em>Δελφοὺς</em></strong></span> 
     </span>
     <span class='ocr_line' id='line_1_17' title="bbox 82 1788 1081 1888; baseline -0.006 -25"><span class='ocrx_word' id='word_1_122' title='bbox 82 1801 245 1888; x_wconf 73' lang='grc' dir='ltr'><strong><em>ἔπεμπον,</em></strong></span> <span class='ocrx_word' id='word_1_123' title='bbox 268 1794 469 1883; x_wconf 77' lang='grc' dir='ltr'><strong><em>βουλόμενοι</em></strong></span> <span class='ocrx_word' id='word_1_124' title='bbox 489 1792 674 1862; x_wconf 82' lang='grc' dir='ltr'><strong><em>ἀκέσασθαι</em></strong></span> <span class='ocrx_word' id='word_1_125' title='bbox 694 1791 758 1878; x_wconf 77' lang='grc' dir='ltr'><strong><em>τήν</em></strong></span> <span class='ocrx_word' id='word_1_126' title='bbox 782 1789 967 1880; x_wconf 78' lang='grc' dir='ltr'><strong><em>ἁμαρτάδα.</em></strong></span> <span class='ocrx_word' id='word_1_127' title='bbox 1000 1788 1021 1878; x_wconf 84' lang='grc' dir='ltr'><strong><em>ή</em></strong></span> <span class='ocrx_word' id='word_1_128' title='bbox 1049 1788 1081 1857; x_wconf 62' lang='grc' dir='ltr'><strong><em>δὲ</em></strong></span> 
     </span>
     <span class='ocr_line' id='line_1_18' title="bbox 81 1887 1081 1977; baseline -0.006 -18"><span class='ocrx_word' id='word_1_129' title='bbox 81 1899 197 1977; x_wconf 81' lang='grc' dir='ltr'><strong><em>Πυθίη</em></strong></span> <span class='ocrx_word' id='word_1_130' title='bbox 212 1895 316 1977; x_wconf 92' lang='grc' dir='ltr'><strong><em>σφέας</em></strong></span> <span class='ocrx_word' id='word_1_131' title='bbox 331 1894 483 1960; x_wconf 78' lang='grc' dir='ltr'><strong><em>ἐκέλευσε</em></strong></span> <span class='ocrx_word' id='word_1_132' title='bbox 497 1893 624 1958; x_wconf 80' lang='grc' dir='ltr'><strong><em>ποιέειν</em></strong></span> <span class='ocrx_word' id='word_1_133' title='bbox 637 1887 678 1957; x_wconf 89' lang='grc' dir='ltr'><strong><em>τά</em></strong></span> <span class='ocrx_word' id='word_1_134' title='bbox 694 1893 749 1959; x_wconf 79' lang='grc' dir='ltr'><strong><em>καί</em></strong></span> <span class='ocrx_word' id='word_1_135' title='bbox 764 1896 829 1957; x_wconf 82' lang='grc' dir='ltr'><strong><em>νῦν</em></strong></span> <span class='ocrx_word' id='word_1_136' title='bbox 844 1894 878 1957; x_wconf 91' lang='grc' dir='ltr'><strong><em>οί</em></strong></span> <span class='ocrx_word' id='word_1_137' title='bbox 895 1888 1081 1976; x_wconf 84' lang='grc' dir='ltr'><strong><em>Ἀγνλλαίοι</em></strong></span> 
     </span>
     <span class='ocr_line' id='line_1_19' title="bbox 82 1988 1081 2076; baseline -0.002 -18"><span class='ocrx_word' id='word_1_138' title='bbox 82 1995 130 2058; x_wconf 81' lang='grc' dir='ltr'><strong><em>ότι</em></strong></span> <span class='ocrx_word' id='word_1_139' title='bbox 153 1993 371 2059; x_wconf 75' lang='grc' dir='ltr'><strong><em>ἐπιτελέουσι·</em></strong></span> <span class='ocrx_word' id='word_1_140' title='bbox 403 1994 459 2058; x_wconf 84' lang='grc' dir='ltr'><strong><em>καί</em></strong></span> <span class='ocrx_word' id='word_1_141' title='bbox 478 1988 543 2076; x_wconf 88' lang='grc' dir='ltr'><strong><em>γάρ</em></strong></span> <span class='ocrx_word' id='word_1_142' title='bbox 567 1992 757 2074; x_wconf 74' lang='grc' dir='ltr'><strong><em>ἐναγίζουσί</em></strong></span> <span class='ocrx_word' id='word_1_143' title='bbox 774 2009 835 2075; x_wconf 93' lang='grc' dir='ltr'><strong><em>σφι</em></strong></span> <span class='ocrx_word' id='word_1_144' title='bbox 856 1989 1009 2076; x_wconf 87' lang='grc' dir='ltr'><strong><em>μεγάλως</em></strong></span> <span class='ocrx_word' id='word_1_145' title='bbox 1029 1988 1081 2055; x_wconf 75' lang='grc' dir='ltr'><strong><em>καί</em></strong></span> 
     </span>
     <span class='ocr_line' id='line_1_20' title="bbox 81 2080 1081 2174; baseline -0.002 -19"><span class='ocrx_word' id='word_1_146' title='bbox 81 2085 196 2172; x_wconf 78' lang='grc' dir='ltr'><strong><em>ἀγῶνα</em></strong></span> <span class='ocrx_word' id='word_1_147' title='bbox 217 2087 384 2173; x_wconf 82' lang='grc' dir='ltr'><strong><em>γυμνικόν</em></strong></span> <span class='ocrx_word' id='word_1_148' title='bbox 405 2091 460 2156; x_wconf 82' lang='grc' dir='ltr'><strong><em>καὶ</em></strong></span> <span class='ocrx_word' id='word_1_149' title='bbox 480 2087 619 2156; x_wconf 80' lang='grc' dir='ltr'><strong><em>ἱππικὸν</em></strong></span> <span class='ocrx_word' id='word_1_150' title='bbox 639 2091 797 2156; x_wconf 84' lang='grc' dir='ltr'><strong><em>έπιστάσι.</em></strong></span> <span class='ocrx_word' id='word_1_151' title='bbox 833 2091 889 2156; x_wconf 83' lang='grc' dir='ltr'><strong><em>καί</em></strong></span> <span class='ocrx_word' id='word_1_152' title='bbox 905 2080 1002 2156; x_wconf 77' lang='grc' dir='ltr'><strong><em>οὗτοι</em></strong></span> <span class='ocrx_word' id='word_1_153' title='bbox 1023 2086 1081 2174; x_wconf 66' lang='grc' dir='ltr'><strong><em>μέν</em></strong></span> 
     </span>
     <span class='ocr_line' id='line_1_21' title="bbox 80 2181 1080 2276; baseline -0.001 -25"><span class='ocrx_word' id='word_1_154' title='bbox 80 2190 149 2251; x_wconf 80' lang='grc' dir='ltr'><strong><em>τόν</em></strong></span> <span class='ocrx_word' id='word_1_155' title='bbox 160 2186 341 2253; x_wconf 78' lang='grc' dir='ltr'><strong><em>Φωκαιέων</em></strong></span> <span class='ocrx_word' id='word_1_156' title='bbox 354 2186 494 2275; x_wconf 81' lang='grc' dir='ltr'><strong><em>τοιοότφ</em></strong></span> <span class='ocrx_word' id='word_1_157' title='bbox 509 2186 603 2276; x_wconf 82' lang='grc' dir='ltr'><strong><em>μόρφ</em></strong></span> <span class='ocrx_word' id='word_1_158' title='bbox 618 2185 852 2272; x_wconf 77' lang='grc' dir='ltr'><strong><em>διεχρήσαντο,</em></strong></span> <span class='ocrx_word' id='word_1_159' title='bbox 874 2190 909 2253; x_wconf 89' lang='grc' dir='ltr'><strong><em>οί</em></strong></span> <span class='ocrx_word' id='word_1_160' title='bbox 919 2185 957 2252; x_wconf 75' lang='grc' dir='ltr'><strong><em>δέ</em></strong></span> <span class='ocrx_word' id='word_1_161' title='bbox 971 2181 1080 2252; x_wconf 76' lang='grc' dir='ltr'><strong><em>αὐτόν</em></strong></span> 
     </span>
     <span class='ocr_line' id='line_1_22' title="bbox 81 2278 1081 2371; baseline 0.002 -22"><span class='ocrx_word' id='word_1_162' title='bbox 81 2283 114 2359; x_wconf 89' lang='grc' dir='ltr'><strong><em>ές</em></strong></span> <span class='ocrx_word' id='word_1_163' title='bbox 127 2278 165 2347; x_wconf 83' lang='grc' dir='ltr'><strong><em>τό</em></strong></span> <span class='ocrx_word' id='word_1_164' title='bbox 180 2279 311 2368; x_wconf 89' lang='grc' dir='ltr'><strong><em>Ῥήγιον</em></strong></span> <span class='ocrx_word' id='word_1_165' title='bbox 327 2285 578 2370; x_wconf 87' lang='grc' dir='ltr'><strong><em>καταφυγόντες</em></strong></span> <span class='ocrx_word' id='word_1_166' title='bbox 594 2286 755 2352; x_wconf 78' lang='grc' dir='ltr'><strong><em>ἐνθεῦτεν</em></strong></span> <span class='ocrx_word' id='word_1_167' title='bbox 771 2281 972 2371; x_wconf 85' lang='grc' dir='ltr'><strong><em>ὁρμεόμενοι</em></strong></span> <span class='ocrx_word' id='word_1_168' title='bbox 987 2281 1081 2367; x_wconf 84' lang='grc' dir='ltr'><strong><em>έκτή·</em></strong></span> 
     </span>
     <span class='ocr_line' id='line_1_23' title="bbox 81 2377 1079 2469; baseline 0.005 -25"><span class='ocrx_word' id='word_1_169' title='bbox 81 2397 182 2445; x_wconf 91' lang='grc' dir='ltr'><strong><em>σαντο</em></strong></span> <span class='ocrx_word' id='word_1_170' title='bbox 199 2378 299 2447; x_wconf 90' lang='grc' dir='ltr'><strong><em>πόλιν</em></strong></span> <span class='ocrx_word' id='word_1_171' title='bbox 317 2386 378 2466; x_wconf 79' lang='grc' dir='ltr'><strong><em>γῆς</em></strong></span> <span class='ocrx_word' id='word_1_172' title='bbox 390 2387 449 2466; x_wconf 87' lang='grc' dir='ltr'><strong><em>τῆς</em></strong></span> <span class='ocrx_word' id='word_1_173' title='bbox 464 2387 650 2467; x_wconf 90' lang='grc' dir='ltr'><strong><em>Οίνωτρίης</em></strong></span> <span class='ocrx_word' id='word_1_174' title='bbox 663 2381 806 2468; x_wconf 77' lang='grc' dir='ltr'><strong><em>ταύτην,</em></strong></span> <span class='ocrx_word' id='word_1_175' title='bbox 827 2379 900 2469; x_wconf 80' lang='grc' dir='ltr'><strong><em>ήτις</em></strong></span> <span class='ocrx_word' id='word_1_176' title='bbox 916 2388 981 2449; x_wconf 82' lang='grc' dir='ltr'><strong><em>νῦν</em></strong></span> <span class='ocrx_word' id='word_1_177' title='bbox 991 2377 1079 2466; x_wconf 69' lang='grc' dir='ltr'><strong><em>’Τέλη</em></strong></span> 
     </span>
     <span class='ocr_line' id='line_1_24' title="bbox 80 2475 1081 2566; baseline -0.001 -20"><span class='ocrx_word' id='word_1_178' title='bbox 80 2482 238 2546; x_wconf 85' lang='grc' dir='ltr'><strong><em>καλέεται.</em></strong></span> <span class='ocrx_word' id='word_1_179' title='bbox 261 2482 395 2545; x_wconf 74' lang='grc' dir='ltr'><strong><em>ἔκτισαν</em></strong></span> <span class='ocrx_word' id='word_1_180' title='bbox 411 2479 448 2546; x_wconf 71' lang='grc' dir='ltr'><strong><em>δέ</em></strong></span> <span class='ocrx_word' id='word_1_181' title='bbox 466 2479 593 2565; x_wconf 77' lang='grc' dir='ltr'><strong><em>ταύτην</em></strong></span> <span class='ocrx_word' id='word_1_182' title='bbox 613 2477 697 2565; x_wconf 85' lang='grc' dir='ltr'><strong><em>πρός</em></strong></span> <span class='ocrx_word' id='word_1_183' title='bbox 712 2475 836 2566; x_wconf 80' lang='grc' dir='ltr'><strong><em>ἀνδρὸς</em></strong></span> <span class='ocrx_word' id='word_1_184' title='bbox 852 2477 1081 2564; x_wconf 70' lang='grc' dir='ltr'><strong><em>Ποσειδωυιή</em></strong></span> 
     </span>
     <span class='ocr_line' id='line_1_25' title="bbox 79 2571 1080 2665; baseline 0.001 -24"><span class='ocrx_word' id='word_1_185' title='bbox 79 2599 143 2641; x_wconf 88' lang='grc' dir='ltr'><strong><em>τεω</em></strong></span> <span class='ocrx_word' id='word_1_186' title='bbox 158 2573 341 2659; x_wconf 83' lang='grc' dir='ltr'><strong><em>μαθόντες,</em></strong></span> <span class='ocrx_word' id='word_1_187' title='bbox 357 2571 402 2652; x_wconf 73' lang='grc' dir='ltr'><strong><em>ὡς</em></strong></span> <span class='ocrx_word' id='word_1_188' title='bbox 411 2573 473 2642; x_wconf 86' lang='grc' dir='ltr'><strong><em>τόν</em></strong></span> <span class='ocrx_word' id='word_1_189' title='bbox 486 2576 627 2663; x_wconf 90' lang='grc' dir='ltr'><strong><em>Κόρνον</em></strong></span> <span class='ocrx_word' id='word_1_190' title='bbox 640 2595 701 2661; x_wconf 89' lang='grc' dir='ltr'><strong><em>σφι</em></strong></span> <span class='ocrx_word' id='word_1_191' title='bbox 715 2573 864 2663; x_wconf 85' lang='grc' dir='ltr'><strong><em>ήΠυθίη</em></strong></span> <span class='ocrx_word' id='word_1_192' title='bbox 879 2582 998 2665; x_wconf 70' lang='grc' dir='ltr'><strong><em>ἔχρησε</em></strong></span> <span class='ocrx_word' id='word_1_193' title='bbox 1011 2578 1080 2643; x_wconf 81' lang='grc' dir='ltr'><strong><em>κτί-</em></strong></span> 
     </span>
     <span class='ocr_line' id='line_1_26' title="bbox 79 2667 1080 2762; baseline 0.004 -24"><span class='ocrx_word' id='word_1_194' title='bbox 79 2689 134 2738; x_wconf 90' lang='grc' dir='ltr'><strong><em>σαι</em></strong></span> <span class='ocrx_word' id='word_1_195' title='bbox 148 2667 241 2758; x_wconf 85' lang='grc' dir='ltr'><strong><em>ήρων</em></strong></span> <span class='ocrx_word' id='word_1_196' title='bbox 258 2671 372 2757; x_wconf 82' lang='grc' dir='ltr'><strong><em>ἐόντα,</em></strong></span> <span class='ocrx_word' id='word_1_197' title='bbox 394 2669 469 2741; x_wconf 89' lang='grc' dir='ltr'><strong><em>ἀλλ’</em></strong></span> <span class='ocrx_word' id='word_1_198' title='bbox 487 2671 529 2741; x_wconf 85' lang='grc' dir='ltr'><strong><em>οό</em></strong></span> <span class='ocrx_word' id='word_1_199' title='bbox 543 2671 605 2760; x_wconf 88' lang='grc' dir='ltr'><strong><em>τήν</em></strong></span> <span class='ocrx_word' id='word_1_200' title='bbox 620 2681 734 2760; x_wconf 85' lang='grc' dir='ltr'><strong><em>νήσου.</em></strong></span> <span class='ocrx_word' id='word_1_201' title='bbox 768 2682 924 2762; x_wconf 87' lang='grc' dir='ltr'><strong><em>Φωκαίης</em></strong></span> <span class='ocrx_word' id='word_1_202' title='bbox 937 2676 1002 2761; x_wconf 94' lang='grc' dir='ltr'><strong><em>μέν</em></strong></span> <span class='ocrx_word' id='word_1_203' title='bbox 1016 2697 1080 2741; x_wconf 85' lang='grc' dir='ltr'><strong><em>νυν</em></strong></span> 
     </span>
     <span class='ocr_line' id='line_1_27' title="bbox 37 2766 1080 2859; baseline -0.002 -20"><span class='ocrx_word' id='word_1_204' title='bbox 37 2769 153 2854; x_wconf 79' lang='grc' dir='ltr'><strong><em>δθπέρι</em></strong></span> <span class='ocrx_word' id='word_1_205' title='bbox 167 2774 225 2852; x_wconf 86' lang='grc' dir='ltr'><strong><em>τής</em></strong></span> <span class='ocrx_word' id='word_1_206' title='bbox 239 2770 275 2834; x_wconf 86' lang='grc' dir='ltr'><strong><em>έν</em></strong></span> <span class='ocrx_word' id='word_1_207' title='bbox 287 2766 395 2857; x_wconf 81' lang='grc' dir='ltr'><strong><em>Ἰωνίη</em></strong></span> <span class='ocrx_word' id='word_1_208' title='bbox 412 2767 518 2850; x_wconf 78' lang='grc' dir='ltr'><strong><em>οὕτως</em></strong></span> <span class='ocrx_word' id='word_1_209' title='bbox 533 2776 615 2857; x_wconf 81' lang='grc' dir='ltr'><strong><em>ἔσχε.</em></strong></span> <span class='ocrx_word' id='word_1_210' title='bbox 640 2773 863 2859; x_wconf 79' lang='grc' dir='ltr'><strong><em>Παραπλήσια</em></strong></span> <span class='ocrx_word' id='word_1_211' title='bbox 879 2774 917 2840; x_wconf 71' lang='grc' dir='ltr'><strong><em>δὲ</em></strong></span> <span class='ocrx_word' id='word_1_212' title='bbox 929 2772 1080 2841; x_wconf 75' lang='grc' dir='ltr'><strong><em>τούτοισι</em></strong></span> 
     </span>
     <span class='ocr_line' id='line_1_28' title="bbox 77 2864 1079 2958; baseline 0.009 -27"><span class='ocrx_word' id='word_1_213' title='bbox 77 2868 132 2932; x_wconf 83' lang='grc' dir='ltr'><strong><em>καί</em></strong></span> <span class='ocrx_word' id='word_1_214' title='bbox 151 2864 245 2952; x_wconf 81' lang='grc' dir='ltr'><strong><em>Τήιοι</em></strong></span> <span class='ocrx_word' id='word_1_215' title='bbox 262 2868 437 2952; x_wconf 81' lang='grc' dir='ltr'><strong><em>ἐποίησαν·</em></strong></span> <span class='ocrx_word' id='word_1_216' title='bbox 471 2871 576 2937; x_wconf 80' lang='grc' dir='ltr'><strong><em>ἐπείτε</em></strong></span> <span class='ocrx_word' id='word_1_217' title='bbox 597 2870 664 2958; x_wconf 87' lang='grc' dir='ltr'><strong><em>γάρ</em></strong></span> <span class='ocrx_word' id='word_1_218' title='bbox 685 2890 799 2958; x_wconf 89' lang='grc' dir='ltr'><strong><em>σφεων</em></strong></span> <span class='ocrx_word' id='word_1_219' title='bbox 815 2866 881 2940; x_wconf 86' lang='grc' dir='ltr'><strong><em>είλε</em></strong></span> <span class='ocrx_word' id='word_1_220' title='bbox 897 2896 1027 2958; x_wconf 75' lang='grc' dir='ltr'><strong><em>χαματι</em></strong></span> <span class='ocrx_word' id='word_1_221' title='bbox 1042 2868 1079 2940; x_wconf 83' lang='grc' dir='ltr'><strong><em>τό</em></strong></span> 
     </span>
     <span class='ocr_line' id='line_1_29' title="bbox 76 2961 1080 3056; baseline 0.006 -26"><span class='ocrx_word' id='word_1_222' title='bbox 76 2976 180 3048; x_wconf 71' lang='grc' dir='ltr'><strong><em>τεῖχος</em></strong></span> <span class='ocrx_word' id='word_1_223' title='bbox 193 2961 376 3051; x_wconf 76' lang='grc' dir='ltr'><strong><em>Ἅρπαγος,</em></strong></span> <span class='ocrx_word' id='word_1_224' title='bbox 397 2967 553 3053; x_wconf 78' lang='grc' dir='ltr'><strong><em>έσβάντες</em></strong></span> <span class='ocrx_word' id='word_1_225' title='bbox 572 2968 695 3047; x_wconf 79' lang='grc' dir='ltr'><strong><em>πάντες</em></strong></span> <span class='ocrx_word' id='word_1_226' title='bbox 715 2971 748 3047; x_wconf 85' lang='grc' dir='ltr'><strong><em>ές</em></strong></span> <span class='ocrx_word' id='word_1_227' title='bbox 769 2967 808 3036; x_wconf 87' lang='grc' dir='ltr'><strong><em>τά</em></strong></span> <span class='ocrx_word' id='word_1_228' title='bbox 831 2977 932 3038; x_wconf 80' lang='grc' dir='ltr'><strong><em>πλολα</em></strong></span> <span class='ocrx_word' id='word_1_229' title='bbox 947 2979 1080 3056; x_wconf 80' lang='grc' dir='ltr'><strong><em>οίχοντο</em></strong></span> 
     </span>
     <span class='ocr_line' id='line_1_30' title="bbox 76 3064 1080 3153; baseline 0.005 -23"><span class='ocrx_word' id='word_1_230' title='bbox 76 3064 243 3140; x_wconf 75' lang='grc' dir='ltr'><strong><em>πλέοντες</em></strong></span> <span class='ocrx_word' id='word_1_231' title='bbox 258 3065 311 3130; x_wconf 84' lang='grc' dir='ltr'><strong><em>έπί</em></strong></span> <span class='ocrx_word' id='word_1_232' title='bbox 330 3070 387 3151; x_wconf 77' lang='grc' dir='ltr'><strong><em>τῆς</em></strong></span> <span class='ocrx_word' id='word_1_233' title='bbox 404 3073 565 3153; x_wconf 78' lang='grc' dir='ltr'><strong><em>Θρηίκης,</em></strong></span> <span class='ocrx_word' id='word_1_234' title='bbox 587 3069 642 3135; x_wconf 78' lang='grc' dir='ltr'><strong><em>καί</em></strong></span> <span class='ocrx_word' id='word_1_235' title='bbox 655 3071 805 3135; x_wconf 80' lang='grc' dir='ltr'><strong><em>ἐνθαῦτα</em></strong></span> <span class='ocrx_word' id='word_1_236' title='bbox 825 3073 960 3136; x_wconf 76' lang='grc' dir='ltr'><strong><em>ἔκτισαν</em></strong></span> <span class='ocrx_word' id='word_1_237' title='bbox 979 3068 1080 3137; x_wconf 85' lang='grc' dir='ltr'><strong><em>πόλιν</em></strong></span> 
     </span>
     <span class='ocr_line' id='line_1_31' title="bbox 69 3157 1081 3255; baseline 0.009 -28"><span class='ocrx_word' id='word_1_238' title='bbox 69 3159 231 3246; x_wconf 84' lang='grc' dir='ltr'><strong><em>Ἀβδηρα,</em></strong></span> <span class='ocrx_word' id='word_1_239' title='bbox 258 3157 320 3246; x_wconf 84' lang='grc' dir='ltr'><strong><em>τήν</em></strong></span> <span class='ocrx_word' id='word_1_240' title='bbox 345 3162 505 3251; x_wconf 88' lang='grc' dir='ltr'><strong><em>πρότερος</em></strong></span> <span class='ocrx_word' id='word_1_241' title='bbox 527 3165 656 3232; x_wconf 77' lang='grc' dir='ltr'><strong><em>τούτων</em></strong></span> <span class='ocrx_word' id='word_1_242' title='bbox 673 3168 897 3251; x_wconf 78' lang='grc' dir='ltr'><strong><em>Κλαζομένιος</em></strong></span> <span class='ocrx_word' id='word_1_243' title='bbox 921 3168 1081 3255; x_wconf 83' lang='grc' dir='ltr'><strong><em>Τιμήσιος</em></strong></span> 
     </span>
     <span class='ocr_line' id='line_1_32' title="bbox 79 3251 1080 3349; baseline 0.009 -24"><span class='ocrx_word' id='word_1_244' title='bbox 79 3263 192 3333; x_wconf 86' lang='grc' dir='ltr'><strong><em>κτίσας</em></strong></span> <span class='ocrx_word' id='word_1_245' title='bbox 211 3251 274 3323; x_wconf 80' lang='grc' dir='ltr'><strong><em>οὐκ</em></strong></span> <span class='ocrx_word' id='word_1_246' title='bbox 296 3253 468 3345; x_wconf 79' lang='grc' dir='ltr'><strong><em>ἀπόνητο,</em></strong></span> <span class='ocrx_word' id='word_1_247' title='bbox 490 3257 565 3329; x_wconf 87' lang='grc' dir='ltr'><strong><em>ἀλλ’</em></strong></span> <span class='ocrx_word' id='word_1_248' title='bbox 581 3260 648 3329; x_wconf 84' lang='grc' dir='ltr'><strong><em>ὑπὸ</em></strong></span> <span class='ocrx_word' id='word_1_249' title='bbox 664 3268 820 3349; x_wconf 78' lang='grc' dir='ltr'><strong><em>Θρηίκων</em></strong></span> <span class='ocrx_word' id='word_1_250' title='bbox 841 3265 1011 3345; x_wconf 82' lang='grc' dir='ltr'><strong><em>έξελαθελς</em></strong></span> <span class='ocrx_word' id='word_1_251' title='bbox 1029 3290 1080 3333; x_wconf 87' lang='grc' dir='ltr'><strong><em>τι-</em></strong></span> 
     </span>
     <span class='ocr_line' id='line_1_33' title="bbox 80 3351 1029 3449; baseline 0.009 -27"><span class='ocrx_word' id='word_1_252' title='bbox 80 3353 143 3449; x_wconf 85' lang='grc' dir='ltr'><strong><em>μάς</em></strong></span> <span class='ocrx_word' id='word_1_253' title='bbox 157 3363 222 3422; x_wconf 83' lang='grc' dir='ltr'><strong><em>νῦν</em></strong></span> <span class='ocrx_word' id='word_1_254' title='bbox 238 3351 304 3424; x_wconf 78' lang='grc' dir='ltr'><strong><em>ἀπὸ</em></strong></span> <span class='ocrx_word' id='word_1_255' title='bbox 323 3364 434 3435; x_wconf 88' lang='grc' dir='ltr'><strong><em>Τηίων</em></strong></span> <span class='ocrx_word' id='word_1_256' title='bbox 449 3365 517 3428; x_wconf 78' lang='grc' dir='ltr'><strong><em>τῶν</em></strong></span> <span class='ocrx_word' id='word_1_257' title='bbox 532 3363 570 3428; x_wconf 86' lang='grc' dir='ltr'><strong><em>έν</em></strong></span> <span class='ocrx_word' id='word_1_258' title='bbox 581 3357 770 3448; x_wconf 80' lang='grc' dir='ltr'><strong><em>Ἀβδήροισι</em></strong></span> <span class='ocrx_word' id='word_1_259' title='bbox 786 3358 830 3438; x_wconf 77' lang='grc' dir='ltr'><strong><em>ὡς</em></strong></span> <span class='ocrx_word' id='word_1_260' title='bbox 846 3358 936 3447; x_wconf 79' lang='grc' dir='ltr'><strong><em>ἥρως</em></strong></span> <span class='ocrx_word' id='word_1_261' title='bbox 952 3367 1029 3449; x_wconf 71' lang='grc' dir='ltr'><strong><em>ἔχει.</em></strong></span> 
     </span>
    </p>
   </div>
   <div class='ocr_carea' id='block_1_3' title="bbox 0 0 1182 3840">
    <p class='ocr_par' dir='ltr' id='par_1_3' title="bbox 0 0 1182 3840">
     <span class='ocr_line' id='line_1_34' title="bbox 0 0 1182 3840; baseline 0 1"><span class='ocrx_word' id='word_1_262' title='bbox 0 0 1182 3840; x_wconf 95' lang='lat' dir='ltr'><strong><em> </em></strong></span> 
     </span>
    </p>
   </div>
   <div class='ocr_carea' id='block_1_4' title="bbox 36 3658 49 3785">
    <p class='ocr_par' dir='ltr' id='par_1_4' title="bbox 36 3658 49 3785">
     <span class='ocr_line' id='line_1_35' title="bbox 36 3658 49 3785; baseline 0 0"><span class='ocrx_word' id='word_1_263' title='bbox 36 3658 49 3785; x_wconf 76' lang='grc' dir='ltr'><strong><em>ί</em></strong></span> 
     </span>
    </p>
   </div>
  </div>
 </body>
</html>
