2354 3840
146 211 207 276 142
543 217 797 275 HERODOTI

145 376 300 462 σοφισταί
313 372 460 462 μεζόνως
473 375 654 461 ἐξέφηναν·
681 371 743 443 τδν
757 372 789 442 δ’
813 367 863 443 άν
877 373 1015 463 φαλλόν
1027 375 1091 445 τδν
1107 380 1146 468 σφ’

143 473 304 563 Διονύσῳ
324 472 541 559 πεμπόμενον
557 471 769 559 Μελάμπους
789 475 856 541 ἐστὶ
876 470 895 542 6
918 473 1145 561 κατηγησάμε-

142 598 217 658 νος,
248 572 303 639 καδ
320 566 386 639 άπδ
402 569 526 638 τούτου
539 570 708 657 μαθόντες
722 578 855 639 ποιεῦσι
870 567 913 639 τά
928 576 1065 639 ποιεῦσι
1076 566 1145 639 Ἕλ-

143 678 249 756 ληυες.
273 663 338 753 ἐγω
354 669 416 754 μέν
430 666 498 735 νύν
515 694 600 755 φημι
612 668 824 756 Μελάμποδα
841 669 1031 755 γευόμενον
1045 664 1144 755 ἄνδρα

144 762 252 851 σοφδν
269 764 433 852 μαντικήν
449 791 484 832 τε
499 768 611 857 ἑωυτῷ
626 772 788 854 συστῆσαι
803 768 858 835 καί
871 766 1076 855 πυθόμενον
1090 760 1141 877 61:

142 863 319 949 Αἰγύπτου
340 860 424 931 άλλα
444 887 482 930 τε
503 861 610 933 πολλοὶ
628 861 889 952 ἐσηγήσασθαι”
881 872 1011 950 Ελλησι
1034 865 1090 932 καὶ
1106 849 1141 929 τδ

143 962 218 1046 περὶ
245 957 306 1026 τδν
325 958 517 1044 Διόνυσον,
546 955 642 1083 ὀλίγα
666 957 780 1029 αύτάν
803 960 1080 1048 παραλλάξαντα
1105 953 1142 1027 ου’

141 1060 207 1148 γάρ
228 1058 269 1146 δη
290 1071 475 1145 συμπεσείυ
506 1084 546 1145 γε
566 1059 664 1146 φήσω
685 1059 727 1134 τά
742 1085 779 1127 τε
799 1062 836 1127 ἐν
850 1059 1013 1152 Αίγύπτφ
1030 1056 1138 1127 ποιεύ·

141 1183 271 1247 μευα
239 1181 284 1224 τω
271 1161 370 1245 θεῷ
384 1153 489 1223 καὶ
452 1181 493 1223 τα
508 1158 546 1224 ἐν
561 1169 646 1224 τοῖσι
655 1153 806 1241 Ἕλλησι·
829 1153 1003 1245 ὁμότροπα
1022 1151 1089 1243 γὰρ
1101 1148 1140 1221 ἂν

139 1248 185 1344 ἦν
199 1268 284 1323 τοῖσι
297 1251 432 1340 Ἕλλησι
453 1256 508 1322 καὶ
525 1279 566 1320 ου
556 1252 703 1376 ’νεωστὶ
719 1256 893 1340 ἐσηγμένα.
926 1249 969 1322 ού
983 1248 1055 1340 μὴν
1067 1247 1139 1320 ούδδ

140 1354 254 1443 φήσω,
278 1351 365 1432 ὅκως
379 1352 558 1439 Αίγύπτιοι
572 1349 654 1440 παρ’
671 1349 841 1438 Ἑλλήνων
860 1346 1027 1438 έλαβον“
1002 1376 1025 1436 η
1046 1354 1137 1417 τοῦτο

137 1448 160 1540 ἢ
176 1450 257 1520 άλλο
272 1450 336 1518 κού
347 1477 378 1518 τι
390 1450 542 1536 νόμαιον.
565 1453 738 1520 πυθέσθαι
755 1453 795 1519 δέ
806 1476 864 1537 μοι
878 1453 986 1519 δοκέει
1001 1449 1136 1537 μάλιστα

139 1550 349 1637 Μελάμπους
362 1547 402 1617 τοὶ
417 1551 493 1634 περὶ
506 1548 568 1618 τδν
583 1551 758 1619 Διόνυσον
773 1547 862 1638 παρά
874 1548 1019 1636 Κάδμου
1032 1551 1135 1615 τετοῦ

140 1656 268 1737 Τυρίου
283 1651 338 1716 καί
357 1655 426 1716 τῶν
446 1646 512 1716 σύν
532 1647 623 1739 αύτῷ
643 1650 680 1717 ἐκ
695 1653 854 1734 Φοινίκης
870 1643 1086 1732 ἀπικομένων
1106 1644 1135 1721 ές

91 1745 202 1835 οοτὴυ
215 1752 281 1815 νύν
294 1752 460 1832 Βοιωτίην
478 1749 685 1871 καλεομένην
705 1747 827 1834 χάρηυ.
871 1741 1003 1832 Εγεδδυ
1026 1745 1065 1811 δέ
1086 1748 1133 1811 ιιιδ

136 1847 274 1917 πάντων
294 1851 363 1912 τῶν
383 1852 477 1913 θεων
496 1843 538 1913 τά
559 1843 730 1934 ούνόματα
751 1849 831 1928 έξΑ
832 1846 976 1935 ίγύπτου
996 1845 1133 1934 έληλυδι

136 1942 221 2025 ἐς
185 1970 248 2032 τηυ
257 1941 415 2028 Ἑλλάδα,
437 1944 586 2014 διότιὲ
546 1972 569 2032 μ
587 1973 608 2013 υ
627 1943 694 2034 γάρ
711 1948 747 2014 ἐκ
769 1952 838 2014 τῶν
856 1942 1080 2066 βαρβάρωυ”
1055 1968 1130 2033 ηκει,

135 2040 397 2128 πυνθανόμενος
412 2039 501 2109 οὕτω
514 2038 657 2130 εὑρίσκω
673 2042 739 2111 έόν.
761 2045 866 2111 δοκέω
882 2034 963 2110 δ’
934 2068 984 2111 ων
998 2040 1130 2129 μάλιστα

134 2136 181 2207 άπ
184 2135 385 2224 Ἀἰγύπτου
399 2133 556 2225 ἀπῖχθαι·
579 2137 631 2208 ότι
645 2136 711 2228 γάρ
727 2137 767 2227 δη
782 2137 1129 2227 μηΠοσειδέωυοςιιαδ
1171 2136 1173 2145 ’

133 2234 373 2321 Διοσκούρων,
396 2233 441 2315 ὡς
460 2241 516 2305 καλ
537 2237 703 2325 πρότερόν
718 2265 775 2325 μοι
791 2244 896 2306 ταῦτα
917 2248 1064 2327 είρηται,
1083 2239 1129 2307 κτλ
1170 2260 1173 2317 ῑ

124 2330 229 2420 Ἥρης
245 2334 300 2399 καί
309 2330 425 2420 Ἱστίης
439 2336 495 2402 καὶ
508 2339 629 2422 Θέμιος
642 2339 697 2405 καὶ
706 2343 863 2425 Χαρίτων
877 2339 934 2406 καὶ
942 2342 1126 2427 Νηρηίδων,
1170 2328 1173 2349 ’

131 2436 200 2499 τοῖιν
215 2427 327 2498 άλλωυ
337 2438 432 2500 θεῶν
442 2438 703 2519 Αίγυπτίοισιί
667 2462 688 2502 α
689 2441 734 2504 ίεί
743 2460 819 2503 κοτε
830 2461 870 2504 τα
858 2432 1057 2523 ούνόματα
1069 2435 1127 2505 ἐστι

131 2529 168 2596 έν
182 2534 223 2616 τῇ
235 2526 336 2616 χάρη.
371 2534 457 2617 λέγω
472 2528 513 2618 δη
528 2557 569 2598 τα
557 2528 719 2619 λέγουσι
736 2529 831 2603 αύτοὶ
846 2532 1039 2656 Αίγύπτιοι.
1069 2538 1127 2603 τόν

131 2623 225 2692 δδ”
182 2650 224 2692 ου
238 2646 320 2711 φασι
336 2634 432 2695 θεων
451 2629 634 2715 γιυωσκειν
648 2628 688 2698 τὰ
707 2627 895 2718 ούυόματα,
915 2623 1013 2701 οὗτοι
1030 2634 1070 2701 δέ
1079 2654 1126 2719 μοι

130 2721 314 2791 δοκέουσι
295 2749 363 2792 υπο
352 2722 561 2814 Πελασγωυ
572 2725 840 2817 ουυομασθηναι,
852 2726 1125 2817 πληνΠοσωδέω·

129 2846 205 2899 νος
227 2828 350 2941 τούτου
364 2822 455 2893 δὲ
420 2850 481 2893 του
496 2824 584 2895 θεὸν
598 2827 689 2918 παρά
702 2829 842 2917 Λιβύων
858 2830 1041 2901 ἐπύθοντο.
1074 2824 1127 2901 ού-

127 2921 226 3006 δαμοὶ
249 2916 314 3007 γάρ
335 2919 395 2989 ἀπ’
418 2920 520 3011 ἀρχῆς
535 2927 832 3047 Ποσειδέωνος*
789 2930 1128 3015 ουυομακεκτέαταιεί

126 3043 172 3103 μη
160 3014 325 3104 Λίβυες,
337 3017 394 3086 καί
403 3019 619 3107 τιμέουσιτὸυ
626 3020 714 3093 θεὸν
727 3031 849 3093 τοῦτον
865 3031 938 3095 αίεί.
962 3032 1127 3115 νομίζουσι

128 3105 207 3180 δ’
180 3139 229 3180 ων
244 3114 424 3199 Αίγύπτιοι
439 3115 555 3186 ούδ’”
531 3141 639 3208 ηρωσι
653 3118 762 3190 οὐδέν

79 3230 112 3283 61
215 3216 326 3278 Ταῦτα
350 3217 412 3300 μέν
436 3242 502 3284 υυυ
528 3220 583 3288 καὶ
603 3218 687 3289 άλλα
708 3216 795 3309 πρὸς
814 3221 983 3310 τούτοισι,
1004 3220 1047 3293 τά
1068 3220 1127 3311 έγσ

126 3307 263 3395 φράσω,
283 3307 486 3398 Ἐλληνες’
466 3313 525 3382 απ’
548 3324 745 3405 Αίγυπτιωυ
768 3326 982 3406 νενομίκασι
1010 3317 1128 3441 τούδδ

118 3402 294 3493 Ἑρμέω
258 3435 298 3475 τα
314 3406 490 3498 άγάλματα
506 3411 595 3500 ὀρθοὶ
607 3421 695 3501 ἔχειν
708 3443 749 3485 τα
737 3414 872 3486 αίδολα
883 3425 1060 3501 ποιεῦντες
1069 3414 1128 3489 ούκ
