2354 3840
126 221 190 284 252
501 220 754 279 HERODOTI
867 257 872 262 -

126 387 266 468 ἔχοντος.
290 378 365 449 ὅσοι
379 405 414 449 τε
426 377 540 465 ὑμέων
546 375 711 464 Καμβύση
718 376 1132 462 νουσέοντιπαρεγένοντο,

125 480 258 558 πάντως
278 504 342 547 κου
363 481 538 564 μέμνησθε
557 473 599 543 τά
622 468 1133 558 έπέσκηύεΠέρσησιτελευτέωυ

124 577 184 647 τόν
201 583 278 664 βίον
294 574 338 663 μὴ
359 575 604 661 πειρεομένοισι
623 569 833 639 ἀνακτᾶσθαι
854 568 916 655 τὴν
936 565 1061 656 ἀρχήν·
1095 567 1134 658 ιδ

125 676 201 744 τότε
221 671 284 741 ούκ
305 662 546 759 ἐνεδεκόμεθα,
568 668 642 740 ἀλλ’
661 670 714 738 ἐπὶ
734 673 874 755 διαβολῇ
895 670 1075 755 ἐδοκέομεν
1089 672 1134 736 εί-

126 787 203 840 πετν
217 771 415 859 Καμβύσην.
434 777 500 838 νύν
516 764 565 838 όν
579 776 714 854 τίθεμαι
730 772 846 852 ψῆφον
865 772 1049 834 πείθεσθαι
1063 775 1134 835 Δα-

127 877 205 960 ρείῳ
219 873 275 938 καὶ
295 868 339 957 μὴ
356 869 556 938 διαλύεσθαι
578 870 615 935 έκ
629 872 691 934 τοῦ
706 864 875 950 συλλόγου
897 866 998 930 τοῦδε
1014 859 1133 931 ἀλλοθι

126 967 238 1045 ίόντας
250 964 271 1054 ἢ
284 969 338 1036 έπδ
351 966 411 1037 τόν
424 967 533 1055 μάγον
548 965 677 1063 Πότος,
683 969 796 1031 Ταῦτα
818 959 889 1030 είπε
902 963 1068 1049 Γωβρύης
1083 965 1134 1030 καί

127 1064 249 1141 πάντες
263 1069 366 1132 ταῦτα
380 1073 505 1132 αίνεον.

53 1178 56 1183 ’
80 1174 112 1231 74
207 1159 261 1229 Ἐν
283 1152 310 1252 ᾧ
330 1161 366 1231 δὲ
388 1154 482 1230 ούτοι
503 1169 607 1229 ταῦτα
628 1159 867 1248 ἐβουλεύοντο,
896 1162 1024 1247 ἐγίνετο
1050 1160 1132 1229 κατὰ

125 1266 307 1346 συντυχίην
337 1260 426 1328 τάδε.
462 1273 548 1329 τοῖσι
573 1259 709 1346 μάγοισι
735 1262 827 1338 ἔδοξε
856 1265 1134 1348 βουλευομένοισι

126 1357 329 1444 Πρηξάσπεα
347 1365 448 1445 φίλον
468 1359 699 1446 προσθέσθαι,
722 1352 773 1422 ότι
792 1379 829 1422 τε
849 1355 1035 1426 ἐπεπόνθεε
1049 1354 1132 1444 πρὸς

127 1454 317 1541 Καμβύσεα
338 1452 499 1541 ἀνάρσια,
522 1454 559 1532 ὅς
580 1459 615 1522 οί
627 1451 688 1521 τὸν
708 1458 810 1521 παῖδα
823 1456 982 1534 τοξεύσας
997 1455 1135 1525 ἀπολεο-

125 1553 233 1635 λέιιεε,
256 1552 311 1618 καί
326 1553 411 1620 διότι
425 1559 551 1639 μοῦνος
564 1548 724 1639 ἠπίστατο
736 1547 798 1617 τόν
808 1553 974 1639 Σμέρδιος
987 1560 1050 1620 τοῦ
1060 1551 1135 1620 Κύ-

113 1674 189 1737 ’ρου
200 1649 353 1719 θάνατον
364 1649 553 1739 αὐτοχειρίῃ
563 1676 623 1737 μιν
633 1647 814 1735 ἀπολέσας,
831 1648 915 1737 πρός
926 1648 958 1717 δ’
976 1655 1024 1718 ἔτι
1036 1650 1133 1718 έόντα

80 1806 82 1810 .
126 1751 162 1815 ἐν
177 1756 256 1837 αλνη
271 1755 408 1838 μεγίστη
422 1749 483 1818 τὸν
494 1749 698 1834 Πρηξάσπεα
714 1750 751 1815 έν
764 1751 922 1836 Πέρσησι.
945 1748 1078 1815 τούτων
1093 1753 1133 1834 δη

38 1923 42 1930 ,
125 1870 184 1931 μιν
200 1849 328 1914 εἵνεκεν
341 1849 541 1925 καλέσαντες
554 1854 654 1932 φίλον
667 1849 908 1933 προσεκτέοντο
918 1854 1009 1915 πίστι
1023 1873 1060 1915 τε
1074 1855 1133 1915 λα-

126 1943 242 2028 βόντες
257 1945 312 2010 καί
326 1940 487 2030 ὁρκίοισι,
508 1937 531 2031 ἦ
548 1944 611 2030 μὲν
626 1946 711 2024 ἕξειν
725 1940 805 2030 παρ’
822 1945 935 2033 ἐστιτῷ
950 1942 1030 2031 μηδ’
1047 1946 1135 2025 ἐξοί-

126 2061 199 2109 σειν
214 2045 333 2128 μηδενί
349 2041 544 2131 ἀνθρώπων
560 2040 624 2130 τὴν
638 2039 705 2109 ἀπὸ
719 2045 833 2128 σφέων
847 2038 979 2129 ἀπάτην
994 2045 1029 2121 ές
1041 2045 1134 2126 Πέρ-

125 2161 184 2219 σας
201 2155 400 2227 γεγονυῖαν,
422 2141 682 2228 ὑπισχνεύμενοι
702 2139 742 2208 τά
764 2141 873 2208 πάντα
893 2146 927 2208 οέ
945 2149 1049 2229 μυρία
1064 2142 1133 2210 διό-

126 2263 206 2308 σειν.
230 2237 483 2326 ύποδεκομένου
497 2243 533 2308 δὲ
548 2246 610 2308 τοῦ
625 2239 833 2334 Πρηξάσπεα
847 2238 1001 2327 ποιήσειν
1015 2247 1132 2325 ταῦτα,

127 2339 171 2419 ὡς
186 2337 369 2407 ἀνέπεισάν
384 2364 443 2425 μιν
457 2344 492 2407 οί
504 2339 621 2426 μάγοι,
645 2337 786 2424 δεύτερα
800 2338 1021 2426 προσέφερον,
1037 2336 1134 2406 αὐτοὶ

126 2442 187 2529 μὲν
202 2440 347 2528 φάμενοι
361 2442 494 2525 Πέρσας
514 2439 642 2517 πάντας
657 2440 877 2522 συγκαλέσειυ
896 2436 963 2507 ὑπό
978 2436 1016 2506 τὸ
1034 2446 1122 2526 βασι-

125 2545 221 2631 λήιον
233 2557 354 2628 τεῖχος,
373 2544 503 2610 ἐκεῖνον
518 2537 550 2607 δ’
572 2542 729 2608 ἐκέλευον
744 2536 917 2627 ἀναβάντα
931 2541 984 2607 ἐπὶ
999 2538 1125 2624 πύργοι

126 2637 326 2725 ἀγορεῦσαι,
349 2634 393 2717 ὡς
412 2636 487 2706 ’ὑπό
500 2644 561 2705 τοῦ
575 2637 696 2723 Κύρου
713 2639 880 2724 Σμέρδιος
899 2635 1056 2724 ἀρχονται
1078 2640 1133 2703 καὶ

126 2736 186 2807 ὑπ’
203 2735 342 2817 ούδενδς
358 2736 472 2808 ἀλλον.
496 2746 600 2807 ταῦτα
618 2740 654 2806 δὲ
675 2737 765 2807 οὕτω
782 2742 991 2809 ένετέλλοπο
1010 2738 1054 2819 ὡς
1074 2764 1131 2807 πι-

125 2841 287 2910 στοτάτου
302 2845 408 2930 δῆθεν
423 2840 537 2919 έόντος
551 2837 656 2909 αὐτοῦ
674 2843 712 2908 έν
722 2842 888 2932 Πέρσησι,
903 2841 958 2930 καὶ
971 2838 1131 2916 πολλάκις

124 2937 375 3025 ἀποδεξαμένου
394 2939 551 3026 γνάμην,
575 2934 619 3017 ὡς
639 2945 768 3025 περιείη
789 2935 808 3005 ὁ
832 2936 952 3024 Κύρου
973 2939 1129 3023 Σμέρδις,

78 3053 108 3107 75
124 3040 180 3107 καὶ
194 3040 462 3124 ἐξαρνησαμένου
483 3035 544 3105 τόν
566 3036 676 3123 φόνον
691 3035 806 3105 αὐτοῦ.
852 3038 1011 3124 Φαμέυου
1026 3035 1062 3103 δὲ
1075 3036 1129 3102 καὶ

123 3143 228 3206 ταῦτα
251 3140 383 3223 ἑτοίμου
405 3135 489 3204 εἶναι
510 3137 638 3204 ποιέειν
657 3143 719 3205 τοῦ
734 3137 944 3224 Πρηξάσπεα
966 3139 1127 3222 συγκαλέ-

125 3259 241 3314 σαντες
255 3241 387 3321 Πέρσας
409 3242 443 3305 οί
456 3236 558 3323 μάγοι
579 3233 784 3324 ἀνεβίβασαν
804 3232 909 3304 αύτδν
925 3237 978 3303 ἐπὶ
997 3233 1125 3320 πύργοι

123 3337 179 3404 καὶ
193 3330 371 3423 ἀγορεύειν
385 3338 548 3404 έιιέλευον.
597 3337 615 3398 ὁ
641 3334 755 3420 μέντοι
777 3336 847 3402 τοῖν
872 3336 995 3401 ἐκείνω
1024 3354 1129 3420 προσ-

103 3434 246 3501 εδεύντο
261 3430 389 3527 αύτού,
406 3435 540 3507 τούτου
557 3433 618 3522 μέν
637 3430 723 3502 ἑκὼν
740 3431 919 3517 ἐπελήθετο
930 3483 943 3514 ,
953 3430 1134 3514 ἀρξάμενος
