2354 3840
331 183 415 241 ΗΒ.
448 185 480 241 n.
513 184 611 242 οΑΡ.
645 191 818 248 ιιι-εει.
1017 182 1076 248 183

60 337 257 427 πιμπλάναι
273 336 380 408 αύτού
398 336 460 408 τὸν
472 340 599 431 θυμόν.
628 342 717 412 έόντι
738 346 775 413 δὲ
790 341 878 439 ήπίφ
893 354 938 438 τῷ
954 354 1075 414 Μνκε-

61 447 152 533 ρίνφ
166 437 252 509 κατὰ
264 437 344 519 τούς
363 441 522 529 πολιήτας
541 443 596 512 καί
615 450 719 512 ταῦτα
733 447 961 532 ἐπιτηδεύοντι
980 452 1074 532 πρῶ-

60 560 128 606 τον
141 544 258 606 κακῶν
271 535 368 625 ἀρξαι
381 536 444 625 τήν
457 541 630 626 ουγατέρα
645 537 890 611 ἀποθανοῦσαν
903 541 1019 629 αύτού,
1033 539 1072 610 τό

61 636 201 727 μοῦνόν
215 641 250 706 οἰ
270 637 355 706 εἰναι
373 640 411 706 έν
429 651 515 706 τοίσι
529 645 663 708 οἰκίοισι
681 643 809 708 τέκνον.
836 639 897 708 τόν
914 642 950 709 δὲ
967 639 1072 728 ὑπερ-

61 736 260 826 αλγήσαντά
274 758 310 804 τε
322 743 368 828 τῷ
383 737 645 823 περιεπεπτώκεε
658 739 825 826 πρήγματι
839 741 895 807 καὶ
905 739 1071 827 βουλόμε-

60 860 129 905 νον
150 833 390 923 περισσότερόν
413 861 444 902 τι
464 841 533 902 τῶν
555 832 668 904 ἀλλων
686 838 798 918 θύραι
816 835 879 925 τήν
898 838 1070 925 θυγατέρα

59 933 273 1022 ποιήσασθαι
287 939 374 1020 βοῦν
388 935 525 1019 ξυλίνην
541 941 674 1022 κοίλην,
689 938 745 1003 καὶ
764 941 890 1004 ἔπειτεν
905 960 1070 1023 καταχρυ-

59 1033 224 1105 σύσαντά
238 1058 298 1118 μιν
310 1032 437 1118 ταύτην
451 1038 516 1100 έσω
537 1036 574 1100 έν
588 1031 674 1124 αύτή
687 1037 797 1117 θάφαι
811 1036 938 1120 ταύτην
952 1033 992 1121 δὴ
1008 1034 1070 1121 τήν

60 1130 312 1201 ἀποθανοῦσαν
325 1133 505 1218 θυγατέρα.
539 1129 636 1217 Αύνη
652 1125 731 1219 ἀντ’]
747 1132 955 1222 βούςγήούκ
970 1132 1072 1216 έκρύ-
1086 1146 1141 1203 130

61 1240 159 1319 φθη,
186 1227 261 1300 ἀλλ’
277 1235 325 1297 ἔτι
345 1231 401 1298 καὶ
411 1232 450 1309 ,ές
465 1230 521 1317 ἐμὲ
537 1224 582 1319 ἦν
597 1229 743 1319 φανερή,
765 1236 802 1300 έν
818 1233 888 1300 Σύλ
908 1235 970 1317 μέν
990 1233 1069 1300 πόλι

49 1330 186 1415 ἀνύω,
201 1330 335 1414 κειμένη
347 1328 384 1395 δέ
394 1331 432 1396 έν
441 1342 527 1396 τοῖσι
537 1334 738 1415 βασιληίοισι
749 1332 787 1396 έν
797 1329 950 1416 οἰκήματι
964 1327 1069 1416 ήσκη-

59 1427 171 1519 μένω·
202 1424 403 1513 ’θυμιήματα
421 1425 457 1493 δέ
480 1423 565 1513 παρ’
588 1422 672 1516 αὐτῇ
692 1438 833 1496 παντοία
857 1433 1068 1513 καταγίζουσι

58 1522 128 1593 ἀνά
145 1530 258 1591 πᾶσαν
269 1520 415 1611 ἡμέρην,
431 1525 539 1593 νύκτα
554 1523 591 1592 δέ
606 1527 748 1613 ἑκάστην
762 1526 932 1613 πάννυχος
946 1526 1067 1611 λύχνος

58 1628 289 1709 παρακαίεται.
314 1618 418 1707 ἀγχού
435 1623 472 1689 δέ
491 1628 548 1708 τῆς
567 1620 647 1709 βοός
666 1624 789 1710 ταύτης
810 1627 846 1692 έν
868 1623 957 1716 ἀλλφ
972 1624 1067 1710 οἰκή-

58 1740 139 1808 ματι
166 1718 293 1797 εἰκόνες
315 1726 383 1786 τῶν
409 1723 605 1788 παλλακέων
631 1728 699 1790 τῶν
719 1729 918 1806 Μυκερίνου
943 1725 1065 1807 ἑστᾶσι,

58 1819 106 1899 ὥς
122 1822 239 1904 ἔλεγον
254 1819 339 1887 αἰέν
355 1819 426 1887 Σόλ
439 1821 518 1888 πόλι
532 1823 632 1906 ίρέες·
655 1823 766 1888 ἑστᾶσι
781 1819 921 1907 μὲνγὰρ
937 1821 1065 1900 ξύλινοι

58 1916 228 2004 κολοσσοί,
243 1919 358 1985 έοῦσαι
373 1915 522 2004 ἀριθμὸν
538 1917 582 1997 ὡς
598 1927 702 1986 εἰκοσι
715 1919 858 2003 μάλιστά
873 1944 926 2006 κη,
940 1919 1065 2003 γυμναὶ

57 2017 277 2103 ἐργασμέναι·
299 2017 421 2095 αἵτινες
438 2018 552 2101 μέντοι
573 2017 652 2102 εἰσί,
674 2013 737 2083 ούιι
755 2021 817 2101 έχω
833 2021 954 2098 εἰπεῖν,
976 2011 1065 2100 πλήν

57 2110 81 2202 ἦ
94 2111 136 2182 τό
151 2113 325 2200 λεγόμενα.
371 2119 416 2184 Ol
427 2115 468 2182 δέ
476 2134 565 2194 τινες
578 2117 714 2200 λέγουσι
728 2116 804 2202 περὶ
816 2121 875 2200 τῆς
889 2109 969 2200 βοός
982 2112 1065 2180 ταύ·
1081 2127 1131 2186 131

57 2236 116 2301 της
136 2215 192 2280 καί
206 2217 274 2279 τῶν
293 2218 466 2280 κολοσσῶν
481 2213 580 2281 τόνδε
598 2211 660 2281 τόν
674 2212 795 2299 λόγον,
811 2208 856 2291 ὡς
868 2219 1064 2296 Μυκερῖνος

57 2310 193 2400 ἠράσθη
224 2318 281 2398 τῆς
305 2313 433 2379 ἕωντού
461 2311 633 2400 θυγατρὸς
663 2316 719 2382 καὶ
750 2318 879 2380 ἔπειτεν
910 2312 1004 2396 ἐμίγη
1031 2312 1065 2376 ol

55 2407 219 2497 ἀεκούση’
248 2405 330 2494 μετὰ
352 2407 389 2476 δέ
411 2410 563 2497 λέγουσι,
598 2407 642 2488 ύς
663 2407 684 2496 ἡ
705 2420 782 2488 παλς
803 2405 971 2494 ἀπήγξατο
994 2401 1061 2471 ὑπὸ

56 2507 168 2593 ἄχεος,
191 2504 209 2574 ὁ
225 2508 264 2574 δέ
275 2533 335 2593 μιν
350 2512 457 2590 ἔθανε
471 2512 508 2576 έν
522 2514 562 2598 τῇ
575 2512 634 2596 βοῒ
646 2509 767 2596 ταύτῃ,
788 2504 810 2596 ἡ
827 2507 863 2574 δέ
877 2505 984 2593 μήτηρ
999 2499 1061 2570 αύ·

54 2613 112 2693 τῆς
128 2612 196 2673 τῶν
210 2604 412 2693 ἀμφιπόλων
426 2613 494 2675 τόν
515 2601 733 2696 προδουσέων
752 2606 814 2695 τήν
829 2608 1001 2693 ονγατέρα
1015 2610 1061 2693 τῷ

53 2705 155 2788 πατρὶ
170 2700 316 2789 ἀπέταμε
335 2703 395 2784 τὰς
408 2719 535 2794 χεῖρας,
557 2708 613 2773 καί
629 2712 695 2772 νῦν
709 2701 769 2783 τάς
785 2703 916 2782 εἰκόνας
931 2700 1061 2770 αὐτέων

54 2798 141 2870 εἰναι
156 2808 367 2881 πεπονθυίας
390 2802 494 2892 τόπερ
518 2810 555 2872 αἰ
567 2807 645 2884 ζωαὶ
659 2809 798 2871 ἔπαθον.
828 2808 932 2869 ταῦτα
953 2803 989 2868 δέ
1004 2807 1060 2869 λέ-

52 2919 152 2986 γουσι
167 2902 409 2985 φλυηρέοντες,
432 2898 476 2978 ὡς
492 2898 558 2986 έγιό
574 2903 696 2986 δοκέω,
722 2901 764 2969 τά
783 2925 819 2968 τε
834 2897 919 2967 ἀλλα
938 2899 993 2964 καὶ
1017 2893 1057 2980 δή

51 2998 107 3066 καῑ
120 2992 161 3064 τά
176 2993 319 3082 περίτάς
329 3008 440 3085 χεῖρας
452 3004 521 3066 τῶν
535 3006 723 3068 κολοσσῶν·
745 3005 849 3066 ταῦτα
861 2993 926 3080 γὰρ
940 2989 989 3061 τόν
1003 2997 1058 3062 καὶ

49 3092 145 3183 ἡμείς
166 3093 315 3184 ὦρέομεν
354 3094 405 3164 ότι
422 3095 489 3165 ύπό
510 3098 637 3184 χρόνον
658 3095 717 3175 τὰς
736 3109 846 3182 χεῖρας
867 3090 1058 3180 ἀποβεβλή-

49 3210 146 3276 κασι,
167 3197 206 3258 αἳ
225 3194 262 3259 έν
283 3197 361 3260 ποσὶ
382 3191 511 3261 αὐτέων
531 3197 710 3280 ἐφαίνοντο
735 3196 850 3261 ἐοῦσαι
876 3195 926 3260 έτι4
949 3192 1004 3260 καί
1024 3194 1058 3269 ές

47 3290 114 3375 έμέ.
153 3283 197 3352 Ἡ
215 3288 251 3355 δέ
272 3296 354 3376 βούς
372 3287 413 3357 τά
434 3293 496 3377 μὲν
513 3288 597 3360 ἀλλα
614 3290 880 3375 κατακέκρυπται
897 3289 1057 3376 φοινικέῳ
1074 3291 1126 3347 1³¹

49 3388 174 3472 εἵματι,
195 3383 257 3453 τόν
278 3385 401 3473 αύχένα
423 3392 460 3457 δέ
481 3392 536 3457 καὶ.
552 3387 614 3476 τήν
636 3385 787 3475 κεφαλήν
807 3394 921 3472 φαίνει
936 3410 1057 3471 κεχρυ-
