2354 3840
322 184 407 240 LIB.
441 183 486 238 w.
522 183 623 241 cm,
662 188 834 244 134—139.
1016 177 1079 240 353

64 365 123 418 τες
144 335 315 428 ἀλλήλων,
340 345 496 426 ἔφθησαν
515 347 628 432 πολλῷ
649 345 684 409 οί
694 341 833 410 Σκύθαι
855 341 933 421 τούς
946 347 1079 427 Πέρσας

63 438 123 505 ἐπὶ
137 433 200 523 τὴν
213 441 368 526 γέφυραν
382 435 588 524 ἀπικόμενοι.
617 439 786 524 μαθόντες
801 442 837 507 δέ
854 436 932 517 τούς
946 444 1078 525 Πέρσας

65 529 162 601 ούκω
174 531 378 620 ἀπιγμένους
390 539 505 618 ἔλεγον
516 530 601 620 πρός
612 533 691 614 τούς
701 534 817 615 Ἴωνας
828 537 944 614 ἐόντας
955 538 993 604 ἐν
1002 543 1077 624 τῇσι

65 635 186 716 νηυσί·
211 627 488 715 ἈνδρεςἽωνες,
510 633 547 697 αἲ
565 656 599 698 τε
619 628 739 716 ἡμέραι
754 629 836 718 ὑμῖν
850 638 910 699 τοῦ
927 628 1078 717 άριθμού

65 733 270 815 διοίχηνται,
283 731 336 803 καί
349 727 391 797 οὐ
402 735 529 797 ποιέετε
541 735 652 797 δίκαια
665 735 712 798 ἔτι
723 735 980 816 παραμένοντες.
1000 726 1075 797 ἀλλ’

67 829 141 896 ἐπεὶ
162 827 329 914 πρότερον
344 831 570 914 δειμαίνοντες
584 829 734 914 ἐμένετε,
757 834 822 895 νῦν
838 828 999 905 λύσαντες
1015 823 1075 893 τόν

67 924 178 1012 πόρον
193 924 255 1011 την
274 932 429 1012 ταχίστην
451 923 546 995 άπιτε
560 930 731 1012 χαίροντες
751 926 943 1012 ἐλεύθεροι,
966 932 1080 992 θεοῖσί

68 1051 104 1094 τε
120 1028 175 1092 καὶ
189 1025 349 1114 Σκύθησι
371 1026 493 1104 είδότες
513 1026 629 1111 χάριν,
651 1024 712 1092 τόν
733 1027 769 1093 δὲ
786 1025 953 1110 πρότερον
977 1022 1075 1091 ἐόντα

67 1121 184 1210 ύμέωυ
207 1126 373 1211 δεσπότην
395 1122 489 1212 ἡμεῖς
507 1126 792 1213 παραστησόμεθα
815 1123 904 1192 οὕτω
923 1123 1007 1191 ὥστε
1024 1125 1075 1191 ἐπὶ

66 1218 242 1312 μηδαμοὺς
256 1228 304 1290 ἔτι
320 1219 525 1307 ἀνθρώπους
545 1220 650 1290 αύτδν
665 1223 942 1305 στρατεύσεσθαι.
983 1217 1076 1304 Πρὸς
1091 1247 1137 1303 ιςη

66 1328 169 1389 ταῦτα
185 1324 219 1388 οἱ
227 1318 340 1400 Ἴωνες
355 1323 585 1410 ἐβουλεύοντο.
617 1323 809 1391 Μιλτιάδεω
824 1324 887 1407 μὲν
899 1327 958 1388 τοῦ
971 1317 1073 1405 Ἀθη-

69 1427 178 1506 ναίου,
190 1421 449 1507 στρατηγέοντος
459 1426 515 1492 καὶ
527 1421 1072 1510 τυραννεύοντοςΧερσονησιτέων

65 1527 135 1588 τῶν
150 1522 187 1587 ἐν
198 1517 445 1613 Ἑλλησπόντῳ,
461 1515 506 1608 ἦν
521 1522 637 1609 γυάμη
653 1528 833 1589 πείθεσθαι
845 1519 1003 1606 Σκύθησι
1017 1519 1072 1584 καὶ

66 1620 274 1704 ἐλευθεροῦν
285 1616 430 1705 Ἰωνίην,
446 1616 602 1689 Ἱστιαίου
619 1621 654 1686 δέ
669 1625 730 1686 τοῦ
744 1625 917 1703 Μιλησίου
937 1621 1071 1698 ἐναντίη

63 1713 185 1804 ταύτη,
209 1713 380 1802 λέγοντος,
406 1713 449 1794 ὡς
467 1725 533 1784 νῦν
549 1718 611 1804 μὲν
627 1715 682 1785 διά
693 1728 842 1802 Δαρεῖον
857 1717 995 1792 ἕκαστος
1009 1711 1073 1780 αύ-

62 1817 133 1879 των
145 1811 347 1896 τυραννεύει
361 1811 486 1898 πόλιος,
504 1819 561 1898 τῆς
572 1819 722 1899 Δαρείου
733 1812 769 1878 δὲ
781 1811 944 1895 δυνάμιος
956 1835 1073 1876 καται-

64 1913 220 1996 ρεθείσης
242 1906 320 1976 ούτε
341 1907 442 1989 αὐτὸς
456 1917 635 1995 Μιλησίων
656 1905 726 1987 οἷός
746 1933 782 1975 τε
802 1913 939 1974 ἔσεσθαι
957 1905 1072 1990 ἄρχειν

63 2004 142 2074 οὔτε
157 2002 261 2074 άλλον
273 2004 396 2076 ούδένα
408 2005 584 2094 οὐδαμῶν·
607 2007 837 2096 βουλήσεσθαι
851 2002 915 2088 γάρ
929 2004 1071 2089 ἑκάστην

61 2109 132 2171 τῶν
149 2110 276 2171 πολίων
298 2109 583 2192 δημοκρατέεσθαι
598 2114 727 2192 μᾶλλον
747 2099 769 2189 ἢ
790 2103 1069 2186 τυραννεύεσθαι.

57 2199 214 2270 Ἱστιαίου
221 2204 257 2270 δὲ
264 2203 404 2290 γνιόμηυ
414 2205 542 2289 ταύτην
548 2202 839 2288 ἀποδεικνυμένου
851 2197 970 2267 αὐτίκα
981 2199 1071 2265 πάν-

62 2325 116 2376 τες
130 2292 216 2384 ἦσαν
232 2305 448 2386 τετραμμένοι
463 2300 546 2384 πρὸς
562 2303 688 2387 ταύτην
699 2297 761 2385 τὴν
775 2299 930 2384 γυάμην,
947 2297 1070 2381 πρότε-

62 2424 126 2483 ρον
139 2395 203 2485 τὴν
217 2403 411 2469 Μιλτιάδεω
429 2405 628 2489 αίρεόμευοι.
669 2395 775 2468 Ἦσαν
790 2401 826 2466 δὲ
839 2392 933 2466 οὗτοι
949 2401 982 2464 οί
994 2402 1069 2464 δια·
1083 2418 1134 2472 138

62 2497 223 2582 φέροντές
236 2523 272 2564 τε
288 2496 349 2585 τὴν
364 2505 479 2585 ψῆφον
494 2502 548 2567 καὶ
563 2500 675 2576 ἐόντες
685 2497 791 2582 λόγου
806 2492 890 2582 πρὸς
904 2495 1067 2581 βασιλέος,

58 2590 322 2681 Ἑλλησποντίων
343 2600 405 2684 μὲν
426 2599 589 2680 τύραννοι
605 2598 742 2683 Δάφνις
764 2621 800 2663 τε
816 2591 999 2682 Ἀβυδηνὸς
1013 2596 1065 2660 καὶ

53 2687 230 2772 Ἵπποκλος
252 2690 480 2780 Λαμψακηνός
508 2698 564 2763 καὶ
585 2692 794 2781 Ἡρόφαντος
816 2689 988 2779 Παριηνὸς
1014 2696 1068 2760 καὶ

62 2787 292 2874 Μητρόδωρος
309 2792 565 2877 Προκοννήσιος
585 2795 641 2860 καὶ
663 2788 899 2878 Ἀρισταγόρης
923 2795 1068 2874 Κυζικη-

60 2883 120 2967 υός
150 2888 206 2955 καὶ
234 2884 396 2975 Ἀρίστων
426 2886 619 2969 Βυζάντιος·
655 2879 750 2956 οὗτοι
783 2886 846 2974 μὲν
876 2890 911 2954 οί
940 2889 971 2967 ἐξ
993 2884 1066 2953 ‘EA-

59 2988 264 3072 λησπόντου,
285 2983 341 3051 ἀπ’
356 2981 480 3071 Ἰωνίης
495 2984 531 3051 δὲ
544 2985 708 3070 Στράττις
724 3010 758 3050 τε
773 2991 854 3061 Χίος
869 2986 924 3051 καὶ
937 2983 1066 3069 Αἰάκης

57 3085 190 3171 Σάμιος
205 3086 260 3151 καὶ
275 3083 454 3170 Λαοδάμας
469 3080 644 3161 Φωκαιεύς
658 3084 712 3150 καὶ
724 3080 874 3161 Ἱστιαῖος
887 3083 1063 3171 Μιλήσιος,

45 3190 120 3253 ’τοῦ
132 3174 176 3269 ἦν
185 3181 303 3268 γνάμη
313 3178 334 3269 ἡ
346 3184 547 3267 προκειμένη
559 3185 692 3266 ἐναντίη
703 3187 743 3268 τῇ
753 3179 953 3248 Μιλτιάδεω.
981 3187 1027 3247 Ac
1046 3220 1064 3230 -

56 3281 145 3349 λέων
167 3280 203 3347 δὲ
225 3274 336 3364 παρῆν
354 3279 491 3364 λόγιμος
513 3283 639 3364 μοῦνος
653 3275 887 3365 Ἀρισταγόρης
904 3286 1061 3365 Κυμαῖος.

58 3369 166 3446 Οὗτοι
182 3367 231 3442 (όν
252 3377 360 3444 ἐπείτε
382 3374 608 3463 τὴνἹστιαίου
624 3377 775 3461 αἱρέοντο
794 3378 949 3464 γνάμην,
973 3383 1066 3458 ἔδοξέ
1080 3397 1129 3452 139

144 3486 242 3524 τέκον.
263 3471 282 3524 1.
703 3487 706 3493 ’
887 3477 921 3529 θέλ

1023 3600 1094 3619 ...ἐει-
