2354 3840
123 221 165 283 εσ
497 208 750 283 μοοοοοτι

124 408 220 468 μενοι
234 383 359 469 Σάμιοι
379 381 555 451 ἀπελοίατο
579 382 684 452 αὐτὸν
704 388 805 470 νηυσί
819 393 964 474 μακρῇσι
982 366 1130 455 ἐπιπλά-

125 507 259 560 σαυτες·
285 479 381 550 αὐτοὶ
395 483 432 550 δὲ
448 483 574 569 Σάμιοι
588 486 735 570 λέγουσι,
753 480 797 563 ὡς
808 487 915 552 ἐπείτε
941 481 1129 573 ὑστέρησαν

126 589 161 653 οί
172 581 311 670 ἄγοντες
334 590 402 651 τῶν
419 588 695 671 Λακεδαιμονίων
709 581 770 652 τὸν
787 591 952 672 κρητῆρα,
976 584 1129 655 ε’πννδά-

125 706 226 748 νοντο
252 682 288 749 δὲ
309 681 436 769 Σάρδις
460 708 495 749 τε
520 684 576 751 καὶ
592 690 740 771 Κροῖσον
760 679 941 770 ἡλωκέναι,
967 680 1140 759 ἀπέδοντο,

126 777 187 848 τὸν
210 787 359 868 κρητῆρα
380 785 417 849 έν
429 783 553 873 Σάμῳ,
576 781 709 862 ίδιοέτας
733 784 769 851 δέ
786 781 912 870 ἄνδρας
926 788 1129 871 πριαμένους

127 879 309 950 ἀναθεῖναί
319 909 378 968 μιν
391 884 424 961 ές
439 879 476 950 τὸ
486 880 640 971 Ἡραῖον·
671 884 754 969 τάχα
774 884 811 950 δὲ
826 879 869 950 άν
886 885 941 951 καὶ
957 888 992 951 οί
1005 880 1129 953 ἀποδό-

127 1007 223 1068 μενοι
240 985 370 1071 λέχοιεν
391 979 588 1066 ἀπικόμενοι
603 983 635 1059 ές
651 982 814 1068 Σπάρτην
854 978 898 1060 ὦς
912 978 1130 1069 ἀπαιρεθείη-

128 1100 193 1148 σαν
207 1077 274 1148 δπό
292 1087 441 1167 Σαμίων.

83 1203 111 1259 7]
212 1175 306 1246 Κατά
328 1182 390 1264 μέν
404 1206 470 1247 νυν
484 1176 544 1246 τὸν
557 1184 705 1264 κρητῆρα
720 1176 808 1244 οὕτω
825 1183 915 1264 ἔσχε,
937 1185 1084 1260 Κροῖσος
1098 1180 1129 1247 δέ

128 1271 288 1364 άμαρτάν
303 1284 364 1344 τοῦ
380 1284 531 1366 χρησμοῦ
546 1278 690 1344 ἐποιέετο
708 1281 886 1363 στρατηίην
901 1277 933 1353 ἐς
947 1279 1130 1343 Καππαδο-

129 1386 223 1463 κίην,
253 1379 387 1454 ἐλπίσας
406 1375 620 1463 καταιρήσειν
634 1375 753 1458 Κῦρόν
773 1401 809 1441 τε
830 1377 885 1441 καὶ
899 1371 961 1460 τὴν
974 1381 1131 1458 Περσέων

130 1475 285 1560 δύναμιν.
320 1477 655 1559 παρασκευαζομένου
676 1475 712 1540 δὲ
728 1479 876 1558 Κροίσου
892 1471 1131 1558 στρατεύεσθαι

131 1574 184 1641 έπὶ
197 1574 346 1656 Πέρσας,
372 1576 441 1637 τῶν
462 1597 512 1648 τις
525 1575 666 1658 Λυδῶν,
692 1570 909 1657 νομιζόμενος
929 1569 984 1638 καὶ
1003 1569 1132 1654 τράσδε

132 1669 217 1737 εἶναι
239 1665 362 1754 σοφὰς,
387 1664 453 1735 άπὸ
476 1671 512 1736 δὲ
533 1669 656 1755 ταύτης
668 1697 734 1756 της
756 1667 892 1754 χνοίμης
906 1665 1010 1734 καλ
975 1694 1013 1735 το
1029 1670 1133 1754 κάρτα

131 1766 279 1887 οὕχομα
282 1768 319 1834 έν
341 1771 482 1835 Λυδοῖσι
504 1773 606 1855 έχων,
630 1768 879 1854 συνεβούλευσε
899 1770 1035 1857 Κροίσῳ
1058 1766 1134 1835 τάδε

136 1863 278 1949 οὔνομα
271 1854 363 1929 ὀί
341 1888 386 1951 ην
399 1863 604 1943 Σάνδανις·
630 1857 670 1931 Ὦ
686 1869 836 1952 βασιλεῦ,
862 1857 909 1930 ἐπ’
926 1860 1055 1949 άνδρας
1068 1888 1135 1934 τοι·

133 1962 254 2040 ον’τους
269 1961 510 2048 στρατεύεσθαι
533 1960 861 2047 παρασκευάζεαι,ο
844 1966 879 2027 ολ
897 1966 1057 2040 σκυτίνας
1077 1957 1136 2047 μέν

132 2057 350 2144 ἀναξυρίδας,
375 2069 538 2149 σκυτίνην
553 2058 645 2129 δὲ
609 2087 672 2148 την
692 2057 798 2144 άλλην
818 2061 944 2145 ἐσθῆτα
964 2063 1141 2146 φορέουσι,Ι

133 2160 296 2226 σιτέονται
312 2155 402 2224 δὲ’
363 2183 426 2225 ουκ
441 2157 504 2226 ὅσα
521 2162 694 2244 ἐθέλουσι,
712 2154 780 2225 ἀλλ’
800 2153 862 2224 ὅσα
871 2162 1008 2244 ἔχουσι,
1024 2157 1137 2267 χώρην

133 2259 263 2340 ἔχοντες
277 2259 427 2340 τρηχέαν.
459 2254 544 2340 πρὸς
559 2253 655 2323 δὲ’
615 2282 679 2323 ουκ
699 2264 780 2346 οίνῳ
805 2258 1031 2342 διαχρέονται,
1054 2240 1145 2324 άλλδ-

133 2351 394 2440 ὑδροποτέουσι,
421 2379 464 2421 ον
483 2361 570 2422 σῦκα
593 2355 669 2421 δε”
651 2374 763 2441 εχονσι
784 2352 945 2471 τράχειν,
972 2349 1036 2419 οὐκ
1058 2350 1157 2422 ἄλλο·

134 2446 268 2535 ἀγαθὸν
292 2448 402 2518 οὐδέν.
443 2459 542 2520 τοῦτο
569 2454 631 2539 μὲν
652 2449 710 2538 δη,
736 2457 767 2518 εί
789 2451 954 2539 νικήσεις,
978 2457 1014 2519 τί
1036 2471 1155 2537 σφεας·

135 2545 345 2635 ἀπαιρήσεαι,
360 2555 450 2617 τοῖσί
458 2576 497 2636 χε
514 2546 559 2636 μὴ
578 2555 647 2618 ἔστι
663 2553 786 2636 μηδένς
803 2549 968 2634 τοῦτοδὲ,
984 2542 1031 2634 ἦν
1044 2573 1139 2633 νικη-

133 2652 216 2734 θῇς,
243 2646 351 2731 μάθε,
376 2644 439 2713 ὅσα
465 2643 579 2732 άχαθά
602 2645 806 2734 ἀποβαλέεις.
847 2645 1053 2733 γευσάμενοι
1076 2642 1140 2735 γάρ

134 2748 203 2809 τῶν
219 2739 390 2828 ἡμετέρων
406 2739 548 2828 άχαδῶν
559 2748 766 2830 περιέξονται
783 2741 864 2813 οὐδὲ
880 2742 1029 2814 άπωστολ
1046 2750 1141 2814 ἔσον-

135 2868 197 2910 ται.
239 2839 304 2928 έχά
327 2846 390 2928 μέν
411 2869 478 2910 νυν
499 2854 611 2912 θεοῖσι
632 2851 695 2931 ἔχω
716 2845 834 2931 χάριν,
861 2851 895 2912 οἳ
910 2842 974 2912 οὐκ
990 2846 1046 2912 ἐπὶ
1060 2842 1162 2933 νόον,

136 2942 287 3007 ποιέουσι
310 2943 459 3030 Πέρσησι
486 2942 728 3061 στρατεύεσθαι
753 2944 806 3010 έπλ
831 2942 976 3022 Λυδούς.
1012 2934 1143 3011 ’Ταῧσσ

136 3045 243 3126 λέγων
269 3036 333 3106 οὐκ
358 3045 473 3109 ἔπειθε
498 3037 560 3109 τὸν
579 3049 736 3127 Κροίσου.
780 3045 930 3130 Πέρσησι
953 3037 1039 3127 γάρ,
1065 3042 1144 3127 πρδν·

136 3233 246 3302 ουδέν.

91 3353 126 3410 72
223 3338 268 3401 Οί
285 3336 322 3400 δὲ
336 3334 593 3404 Καππαδόκαι’
576 3334 643 3403 νπό
661 3334 830 3421 Ἑλλήνων
844 3335 969 3424 Σάριοι
992 3334 1143 3455 οὐνομά-

138 3439 263 3510 ζονται
304 3423 392 3517 ησαν
417 3435 453 3501 δὲ
478 3435 651 3518 οίΣύριοι
677 3425 771 3501 οὗτοι
793 3429 830 3500 τό
855 3435 918 3520 μὲν
938 3424 1143 3519 πρότερουη
