2354 3840
331 199 418 257 ιιε.
450 202 469 254 ι.
503 199 602 256 ειν.
636 205 775 262 ιε-εο.
906 279 909 284 ,
1016 198 1055 264 ει

44 349 46 354 ’
74 381 123 423 ναι
147 351 265 426 αότίκα
286 361 324 425 δὲ
347 361 471 443 ἐπεμπε
490 356 710 443 θεοπρόπους
731 360 764 436 ἐς
795 357 874 437 τούς
900 360 1054 447 ἐξηγητάς

42 469 44 507 1
76 457 280 542 Τελμησσέων.
314 457 546 541 ἀπικομένοισι
571 457 608 522 δὲ
639 468 725 522 τοῖσι
750 459 972 545 θεοπρόποισι
1001 462 1056 527 καλ

72 559 198 637 μαθοῦσι
213 551 569 642 πρδςΐελμησσέων,τό
583 555 692 622 ἐθέλει
708 561 882 641 σημαίνειν
896 552 934 624 ιδ
949 560 1054 645 τέρας,

72 647 119 720 ωἀι
135 656 297 740 ἐξεγένετο
320 659 455 744 Κροίσῳ
476 653 689 738 ἀπαγγείλαιΙ
726 656 807 742 πρὶν
828 654 892 742 γάρ
912 649 1055 742 ἢόπίσω

42 760 43 770 ’
72 751 153 832 σηίας
173 747 368 820 ἀναπλῶσαι
392 751 425 828 ἐς
439 745 499 828 τάς
512 749 642 837 Σάρδις
655 749 729 836 ἥλω
748 749 766 819 6
783 760 934 841 Κροῖσος.
972 761 1053 821 Τελ-

70 847 304 935 μησσέεςμίυτοι
313 848 392 916 τάδε
407 854 570 933 ἔγνωσαν,
587 847 731 934 στρατὸν
742 846 935 938 ἀλλόθροον
948 869 1055 938 προσ-

70 945 189 1034 δόκιμον
210 948 296 1016 εἶναι
312 953 448 1039 Κροίσῳ
472 949 525 1014 ἐπὶ
545 943 608 1032 τὴν
631 945 763 1033 χύρην,
786 947 995 1035 ἀπικόμενον
1017 947 1054 1016 δέ

68 1048 169 1111 τούτου
183 1048 471 1134 καταστρέψεσθαι
485 1042 565 1123 τούς
580 1047 788 1132 ἐπιχωρίους,
805 1045 992 1133 λέγοντες”
972 1073 1054 1132 οφιν

42 1232 45 1237 Ι
68 1122 134 1208 εἶναι
153 1150 212 1230 γῆς
236 1145 401 1230 παῖδα,”
386 1166 491 1210 ιππον
517 1143 554 1210 δὲ
577 1143 740 1228 πολέμιόν
762 1169 798 1211 τε
819 1149 874 1212 καλ
894 1145 1051 1231 ἐπήλυδα.

42 1258 44 1263 “
68 1241 251 1351 Τελμησσέες
268 1243 331 1332 μίν
354 1271 420 1312 νυν
444 1251 550 1311 ταῦτα
578 1242 802 1328 ὑπεκρίναντο
829 1252 963 1335 Κροίσῳ
990 1243 1053 1329 ἤδη

63 1326 207 1427 ἡλωκότι,
231 1341 332 1411 οὐδέν
354 1369 403 1410 κω
425 1342 550 1421 είδότες
565 1367 633 1409 των
649 1335 694 1426 ἦν
709 1343 785 1428 περὶ
799 1341 928 1426 Σάρδις
949 1368 984 1409 τε
1000 1342 1054 1410 καλ

60 1431 150 1505 σύιόν
166 1446 324 1528 Κροῖσον.

129 1541 242 1622 Κύρος
266 1540 302 1606 δὲ
316 1537 436 1607 αὐτίκα
457 1537 708 1613 ἀπελαύνοντος
727 1541 876 1622 Κροίσου
891 1533 973 1621 μετά
990 1534 1051 1622 τὴν
1063 1554 1097 1609 79

53 1630 155 1721 μάχην
174 1661 238 1723 την
260 1642 449 1726 γενομένην
469 1642 507 1707 ἐν
521 1665 561 1726 τη
546 1643 683 1723 Πτερί
682 1663 720 1724 η,
741 1633 881 1722 μαθων,
904 1633 948 1714 ὡς
970 1634 1053 1703 ἀπε

48 1732 148 1813 δάσας
160 1738 275 1821 μέλλοι
292 1745 437 1826 Κροῖσος
453 1740 634 1807 διασκεδᾶν
651 1732 711 1801 τόν
727 1732 885 1821 στρατόν,
908 1743 1051 1821 βουλευ-

46 1824 165 1914 θ’μενος
187 1832 323 1921 εύρισκε
343 1836 481 1924 πρῆγμά
504 1833 590 1903 oc
559 1858 645 1902 ειναι
666 1831 865 1901 ἐλαύνειν
844 1860 887 1910 ως
913 1833 1051 1900 δύναιτο
1164 1916 1167 1923 ν

44 1926 180 2014 τάχιστα
196 1929 300 1998 ἐπί
263 1957 322 2010 τας
336 1933 483 2019 Σάρδις,
507 1926 624 2019 πρίν
602 1958 623 2017 η
641 1928 678 1997 τὸ
695 1931 855 2016 δεύτερον
870 1927 1052 2014 ἁλισθῆναι

42 2031 112 2091 των
126 2026 302 2095 Λυδῶν
266 2054 329 2115 την
353 2030 509 2114 δύναμιν.
554 2025 598 2106 ὥς
619 2031 659 2095 δέ
676 2032 710 2096 οί
676 2034 836 2093 οταύτα
861 2030 951 2105 ἔδοξε
936 2051 967 2111 ε,
997 2029 1052 2093 καλ

42 2118 153 2191 ἐποίεε
168 2123 251 2192 κατά
266 2127 381 2212 τάχος·
411 2127 531 2204 ἐλάσας
544 2124 609 2211 γάρ
624 2121 685 2191 τὸν
700 2122 843 2208 στρατόν
858 2126 890 2201 ἐς
903 2120 966 2210 τὴν
979 2131 1051 2189 Λυ-

42 2219 122 2308 δίην
136 2219 239 2302 αύτδς
259 2221 401 2311 ἀγγελος
416 2231 551 2313 Κροίσῳ
568 2224 738 2309 ἐληλύθεε.
782 2227 930 2290 ἐνθαῦτα
946 2229 1051 2308 Κροῖ-

42 2338 99 2399 σος
122 2324 155 2399 ἐς
179 2318 323 2409 ἀπορίην
344 2320 475 2410 πολλὴν
492 2319 690 2406 ἀπιγμένος,
721 2319 766 2399 ὥς
786 2326 819 2388 oc
837 2318 927 2406 παρά
949 2320 1051 2398 δόξαν

42 2420 117 2506 ἔσχε
137 2417 179 2487 τά
200 2422 377 2510 πρήγματα
400 2418 423 2509 ἢ
449 2421 494 2501 ὡς
517 2419 618 2498 αύτδς
640 2420 833 2504 κατεδόκεε,
859 2418 947 2504 ὅμως
973 2417 1051 2496 τούς
1116 2498 1120 2506 .

42 2516 178 2599 Λυδούς
195 2523 289 2608 ἐξηγε
304 2525 337 2601 ἐς
352 2523 471 2609 μάχην.
495 2514 540 2607 ην
555 2523 591 2586 δὲ
605 2527 726 2586 τοῦτον
740 2517 800 2585 τόν
813 2517 937 2604 χρόνον
949 2524 1050 2596 ἔθνος

42 2618 145 2688 ούδέν
160 2624 198 2687 ἐν
212 2646 251 2707 τη
236 2618 354 2710 Ἀσίη
369 2619 448 2688 οὔτε
464 2618 733 2744 ἀνδρηιότερον
728 2617 805 2684 ούτε
820 2615 1049 2704 ἀλκιμώτερον

42 2741 100 2786 ιον
84 2720 256 2785 Λυδίου.
289 2745 310 2805 η
298 2716 370 2787 ’δέ
390 2719 478 2805 μάχη
494 2721 608 2804 σφέων
621 2743 666 2804 ην
680 2711 733 2782 ἀπ’
750 2718 879 2800 ἵππων,
900 2714 1048 2799 δούρατά

42 2839 73 2882 τε
90 2806 237 2901 ἐφόρεον
251 2816 396 2901 μεγάλα,
413 2819 468 2882 καλ
484 2808 615 2882 αύτολ
592 2833 681 2900 ησαν
695 2813 898 2880 ίππεύεσθαι
913 2809 1045 2896 ἀγαθοί.

42 2919 85 2991 Eg
100 2937 138 2976 το
128 2907 273 2978 πεδίον
288 2911 324 2980 δέ
339 2913 580 2981 συνελθόντων
595 2918 705 2996 τοῦτο,
720 2908 756 2976 τό
774 2907 838 2996 πρὸ
855 2915 915 2975 τού
931 2907 1047 2986 ἀστεός
1057 2922 1094 2976 80

42 3015 111 3078 ἐστι
125 3016 187 3077 τοῦ
204 3014 420 3098 Σαρδιηνοῦ,
437 3008 494 3078 ἐόν
508 3014 592 3096 μίγα
608 3036 643 3077 τε
659 3011 714 3074 καί
728 3006 830 3087 ψιλόν
847 3002 916 3072 ’διά
934 3006 970 3071 δὲ
985 3001 1049 3071 αύ-

42 3115 101 3179 ιοῦ
122 3111 264 3196 ποταμοί
287 3112 420 3199 ρέοντες
441 3114 496 3178 καλ
519 3108 613 3177 ἄλλοι
636 3105 817 3184 καὶὙλλος
839 3112 1048 3193 συρρηγνῦσι

42 3209 69 3286 ἐς
91 3202 156 3273 τόν
176 3208 351 3292 μέγιστον,
376 3208 582 3293 καλεόμενον
604 3206 641 3275 δε
658 3204 799 3291 Ἕρμον,
824 3200 862 3283 δς
882 3206 915 3283 ἐξ
930 3202 1048 3292 οὔρεος

42 3310 116 3392 Γροῦ
152 3301 276 3390 μητρός
301 3306 522 3393 Δινδυμήνης
552 3309 638 3394 ῥέων
664 3307 792 3371 ἐκδιδοῖ
813 3305 846 3380 ἐς
870 3303 1048 3370 θάλασσαν
1156 3367 1158 3371 .

42 3400 123 3473 ιατά
150 3403 311 3471 Φάκαιαν
332 3405 448 3472 πόλινΙ
488 3412 638 3474 ἐνθαῦτα
660 3402 807 3485 ὁΚύρος
825 3398 869 3479 ὡς
890 3399 955 3467 εἶδε
969 3397 1047 3476 τούς
1127 3474 1130 3479 ,
