2354 3840
341 185 425 242 ιια.
456 185 501 240 111.
535 183 633 243 cAP.
666 191 804 246 ιο-ιε.
1010 154 1072 248 21⁷

62 349 231 431 γυπτίων)
258 347 294 412 αί
313 344 375 429 μέν
396 349 465 410 τῶν
484 344 645 428 Περσέων
668 349 814 428 κεφαλαί
833 348 895 411 εἰσι
912 341 1072 423 ἀσθενέες

62 441 171 528 οὕτω,
188 439 287 526 ἀστε,
301 446 332 507 εί
347 441 473 518 ἐθέλεις
486 441 589 532 ψήφῳ
606 438 718 530 μούνη
738 447 872 528 βαλεῖν,
899 445 1071 528 διατετρα·

62 543 167 625 νέεις,
191 543 227 606 αί
245 540 281 606 δὲ
294 543 363 605 τῶν
376 543 571 623 Αἰγυπτίων
588 536 677 606 οὕτω
693 541 735 625 δή
756 566 786 605 τι
804 543 951 626 ἰσχυραὶ,
974 538 1070 625 μόγις

62 633 108 704 ἀν
122 644 209 727 λίθφ
224 644 345 714 παίσας
358 635 572 725 διαρρήξειας.
598 647 705 706 αίτιον
718 640 755 705 δέ
769 636 891 706 τούτου
905 639 982 707 τόδε
998 645 1070 706 έλε·

61 761 143 823 γον,
165 740 220 803 καὶ
239 737 300 821 ἐμέ
315 731 348 820 γ’
375 731 536 812 εὐπετέως
557 740 712 822 ἔπειθον,
735 734 786 803 ὅτι
806 739 986 823 Αἰγύπτιοι
1007 740 1069 824 μέν

62 834 182 904 αὐτίκα
205 832 270 902 ἀπὸ
293 836 437 900 παιδίων
452 829 630 918 ἀρξάμενοι
647 838 824 919 ξυρέονται
845 835 903 916 τάς
920 835 1069 924 κεφαλάς

62 939 119 1004 καὶ
130 933 214 1022 πρὸς
224 930 284 1001 τὸν
295 930 392 1019 ἥλιον
402 933 582 1018 παχύνεται
597 930 634 999 τό
654 929 779 1000 ὀστέον.
802 933 909 1003 τάντό
923 940 1068 1006 δὲταῦτα

61 1036 117 1100 καλ
131 1037 192 1099 τοῦ
211 1027 255 1116 μὴ
272 1036 532 1116 φαλακροῦσθαι
549 1029 658 1096 αἴτιόν
680 1032 763 1097 ἐστι·
793 1039 988 1118 Αἰγυπτίων
1003 1033 1067 1121 γὰρ

61 1128 105 1197 ἀν
119 1154 169 1205 τις
183 1129 373 1212 ἐλαχίστους
388 1129 491 1194 λ’δοιτο
504 1123 698 1214 φαλακροὺς
712 1129 851 1197 πάντων
861 1129 1065 1219 ἀνθρώπων.

63 1228 209 1296 τοόταισι
225 1225 288 1311 μέν
309 1222 349 1310 δη
370 1225 471 1292 ταύτό
488 1228 555 1292 ἐστι
571 1235 678 1293 αίτιαυ
700 1226 837 1314 ἐσχυράς
858 1233 994 1316 φορέειν
1009 1228 1068 1308 τάς

61 1321 227 1412 κεφαλὰς,
250 1337 335 1391 τοῖσι
351 1325 387 1388 δέ
402 1326 567 1410 Πέρσησι,
589 1321 641 1390 ὅτι
656 1321 820 1402 ἀσθενέας
834 1329 995 1410 φορέουσι
1009 1324 1068 1402 τάς

59 1420 225 1510 κεφαλάς,
246 1430 354 1489 αίτιον
376 1419 472 1486 τόδε·
495 1423 753 1506 σκιητροφέουσι
777 1427 809 1504 ἐξ
831 1423 932 1511 ἀρχῆς
949 1433 1067 1504 πίλους

58 1520 176 1608 τιηρας
196 1522 384 1605 φορέοντες.
413 1524 518 1584 ταῦτα
533 1519 595 1603 μέν
615 1543 681 1584 νυν
697 1528 834 1588 τοιαῦτα
849 1521 947 1590 ἐόντα
964 1521 1062 1590 εἶδον.

59 1621 152 1690 ειδαν
166 1622 202 1687 δέ
217 1621 272 1687 καί
287 1615 399 1687 ἀλλα
385 1632 483 1703 ομαλα
499 1638 647 1686 ταυταισι
663 1622 700 1686 ἐν
714 1621 894 1744 Παπρήμι,
913 1630 980 1690 τῶν
997 1649 1065 1708 αμα

54 1720 274 1884 Ἀχαιμένεϊο
264 1744 310 1808 ιφ
296 1723 477 1883 ὃΔαρείου
498 1718 797 1836 διαφθαρέντων’
780 1719 846 1788 υπὸ
866 1718 982 1808 Ἰνάρω
1004 1724 1066 1789 τοῦ

58 1823 274 1904 Λίβυαςο
330 1815 539 1900 ἐΛίγόπτιοι
561 1818 597 1882 ἐκ
617 1823 675 1901 τῆς
689 1817 794 1902 μα’χης
810 1815 854 1896 ὡς
869 1820 1063 1905 ἐτράποντο,
1087 1839 1119 1892 13

58 1921 208 2001 ἔφευγον
228 1819 343 1979 οὐδενὶ
363 1912 486 2001 κόσμιμ.
521 1917 789 1998 κατειληθέντων
812 1914 848 1980 δέ
869 1916 902 1992 ές
922 1918 1064 2001 Μέμφιν

57 2019 183 2096 ἔπεμπε
205 2006 270 2076 ἀνά
292 2007 444 2095 ποταμδν
457 2009 641 2097 Καμβύσης
665 2015 724 2076 νέα
744 2018 980 2098 Μυτιληναίην
1003 2012 1065 2100 κη’-

57 2135 146 2198 ρυκα
166 2106 318 2193 ἄγουσαν
334 2105 442 2192 ἀνδρα
456 2111 609 2193 Πέρσην,
631 2109 664 2185 ίς
680 2104 861 2194 ὁμολογίην
878 2111 1048 2196 προκαλεό-

56 2233 157 2294 μενος
171 2211 384 2291 Αἰγυπτίους.
409 2209 442 2272 οί
428 2207 490 2272 ίδὲ
511 2205 619 2273 ἐπείτε
638 2203 701 2291 την
721 2207 782 2272 νέα
798 2203 887 2273 εἶδαν
902 2210 1052 2277 ἐσελθοό

56 2329 123 2376 σαν
146 2309 178 2385 ές
200 2332 262 2392 την
282 2306 442 2392 Μέμφιν,
461 2307 658 2390 ἐκχυθέντες
681 2302 775 2382 ἁλέες
796 2308 831 2372 ἐκ
856 2313 916 2373 τοῦ
941 2315 1063 2392 τείχεος

55 2415 119 2496 τήν
130 2432 165 2473 τε
176 2406 235 2473 νέα
248 2405 448 2502 διέφθειραν
457 2405 511 2521 κρὶ
521 2401 600 2481 τούς
612 2401 737 2487 ἀνδρας
747 2394 977 2491 κρεουργηδὸν
989 2410 1062 2472 δια-

55 2505 242 2582 σπάσαντες
254 2486 428 2589 ἐφόρεον’
412 2527 444 2580 ες
457 2498 494 2568 τό
507 2515 620 2586 τεῖχος.
643 2502 755 2567 καὶί
709 2507 755 2567 Ac
753 2501 889 2585 γόπτιαι
902 2504 965 2588 μὲν
979 2501 1060 2588 μετά

54 2609 155 2670 τοῦτο
177 2599 453 2687 πολιορκεόμενοι
474 2598 585 2716 χρόνῳ
602 2600 829 2715 παρέστησαν,
850 2604 884 2667 οί
899 2599 935 2666 δέ
955 2619 1062 2720 πρρσ-

56 2703 143 2787 εχέες
158 2703 281 2785 Λίβυες
296 2701 462 2774 δείσαντες
483 2723 522 2764 τα
511 2693 664 2779 περὶ
629 2723 691 2782 την
704 2705 879 2784 Αίγυπταν
898 2698 1061 2784 γεγονότα

54 2795 247 2884 παρέδοσάν
268 2815 371 2882 σφεας
393 2793 516 2873 αὐτοδς
540 2793 696 2882 ἀμαχητὶ,
718 2798 774 2864 καλ
795 2797 904 2883 φόρον
925 2823 961 2865 τε
985 2799 1060 2866 ἐτά-

10 2904 12 2909 ’
55 2900 155 2975 ξαντα
167 2895 222 2960 καὶ
234 2897 324 2975 δῶρα
336 2898 493 2978 ἔπεμπον.
518 2890 562 2971 ὡς
573 2893 609 2960 δέ
621 2901 808 2980 Κυρηναῖοι
822 2897 878 2961 καὶ
886 2903 1059 2978 Βαρκαῖοι,

54 2997 224 3070 δείσαντες
253 2987 376 3078 ὁμοίως
393 2992 450 3058 καὶ
468 2994 503 3058 οί
519 2997 658 3076 Λίβυες,
684 2993 780 3076 ἕτερα
800 2996 935 3057 τοιαῦτα
946 2993 1060 3076 ἐποίη·

54 3114 128 3162 σαν.
169 3090 353 3178 Καμβύσης
368 3091 404 3157 δὲ
420 3085 460 3154 τά
475 3092 537 3174 μὲν
550 3087 641 3176 παρὰ
655 3090 795 3176 Λιβύων
809 3087 953 3157 ἐλθόντα
968 3091 1060 3175 δῶρα

54 3187 272 3276 φιλοφρόνως
286 3189 434 3272 ἐδέξατο,
449 3184 489 3253 τά
505 3189 541 3254 δὲ
555 3184 645 3273 παρὰ
657 3192 861 3271 Κυρηναίων
873 3182 1058 3272 ἀπικόμενα

53 3291 238 3376 μεμφθεὶς,
258 3285 302 3366 ὡς
322 3288 394 3372 ἐμοὶ
416 3289 539 3372 δοκέει,
560 3285 612 3354 ότι
632 3278 677 3371 ἦν
692 3282 788 3370 ὀλίγα
810 3289 977 3372 (ἔπεμψαν
993 3281 1059 3370 γάρ

54 3388 94 3475 δὴ
117 3393 336 3464 πεντακοσίας
350 3388 451 3472 μνέας
467 3382 631 3472 ἀργυρίου
647 3389 681 3452 αί
694 3392 914 3480 Κυρηναῖοι),
938 3386 1060 3467 ταύτας

968 3492 1116 3600 ὃ
