<?xml version="1.0" encoding="UTF-8"?>
<!DOCTYPE html PUBLIC "-//W3C//DTD XHTML 1.0 Transitional//EN"
    "http://www.w3.org/TR/xhtml1/DTD/xhtml1-transitional.dtd">
<html xmlns="http://www.w3.org/1999/xhtml" xml:lang="en" lang="en">
 <head>
  <title>
</title>
<meta http-equiv="Content-Type" content="text/html;charset=utf-8" />
  <meta name='ocr-system' content='tesseract 3.04.00' />
  <meta name='ocr-capabilities' content='ocr_page ocr_carea ocr_par ocr_line ocrx_word'/>
</head>
<body>
  <div class='ocr_page' id='page_1' title='image "./herodotihistori03herogoog_0397.png"; bbox 0 0 2354 3840; ppageno 0'>
   <div class='ocr_carea' id='block_1_1' title="bbox 140 204 768 274">
    <p class='ocr_par' dir='ltr' id='par_1_1' title="bbox 140 204 768 274">
     <span class='ocr_line' id='line_1_1' title="bbox 140 204 768 274; baseline 0.008 -5"><span class='ocrx_word' id='word_1_1' title='bbox 140 204 205 270; x_wconf 72' lang='lat'><strong><em>358</em></strong></span> <span class='ocrx_word' id='word_1_2' title='bbox 518 216 768 274; x_wconf 85' lang='lat' dir='ltr'>HERODOTI</span> 
     </span>
    </p>
   </div>
   <div class='ocr_carea' id='block_1_2' title="bbox 66 363 1166 2907">
    <p class='ocr_par' dir='ltr' id='par_1_2' title="bbox 74 363 1166 2032">
     <span class='ocr_line' id='line_1_2' title="bbox 74 363 1136 461; baseline 0.012 -26"><span class='ocrx_word' id='word_1_3' title='bbox 74 363 161 455; x_wconf 64' lang='lat'>1483}</span> <span class='ocrx_word' id='word_1_4' title='bbox 178 369 294 458; x_wconf 80' lang='grc' dir='ltr'><strong><em>Θήραν</em></strong></span> <span class='ocrx_word' id='word_1_5' title='bbox 310 374 423 441; x_wconf 77' lang='grc' dir='ltr'><strong><em>ἐλθείν</em></strong></span> <span class='ocrx_word' id='word_1_6' title='bbox 438 375 475 439; x_wconf 84' lang='grc' dir='ltr'><strong><em>ἐκ</em></strong></span> <span class='ocrx_word' id='word_1_7' title='bbox 487 378 753 460; x_wconf 86' lang='grc' dir='ltr'><strong><em>Λακεδαίμονος,</em></strong></span> <span class='ocrx_word' id='word_1_8' title='bbox 776 375 863 443; x_wconf 85' lang='grc' dir='ltr'><strong><em>ὀκτω</em></strong></span> <span class='ocrx_word' id='word_1_9' title='bbox 886 375 1025 461; x_wconf 79' lang='grc' dir='ltr'><strong><em>ἀνδρῶν</em></strong></span> <span class='ocrx_word' id='word_1_10' title='bbox 1074 378 1136 448; x_wconf 79' lang='grc' dir='ltr'><strong><em>Ἐπὶ</em></strong></span> 
     </span>
     <span class='ocr_line' id='line_1_3' title="bbox 141 463 1137 562; baseline 0.006 -24"><span class='ocrx_word' id='word_1_11' title='bbox 141 471 281 552; x_wconf 83' lang='grc' dir='ltr'><em>τούτους</em></span> <span class='ocrx_word' id='word_1_12' title='bbox 302 469 343 558; x_wconf 81' lang='grc' dir='ltr'><strong><em>δή</em></strong></span> <span class='ocrx_word' id='word_1_13' title='bbox 360 463 409 540; x_wconf 80' lang='grc' dir='ltr'><strong><em>όν</em></strong></span> <span class='ocrx_word' id='word_1_14' title='bbox 428 467 447 538; x_wconf 83' lang='grc' dir='ltr'><strong><em>δ</em></strong></span> <span class='ocrx_word' id='word_1_15' title='bbox 463 470 577 558; x_wconf 81' lang='grc' dir='ltr'><strong><em>Θήρας</em></strong></span> <span class='ocrx_word' id='word_1_16' title='bbox 601 471 684 558; x_wconf 88' lang='grc' dir='ltr'><strong><em>ληὸν</em></strong></span> <span class='ocrx_word' id='word_1_17' title='bbox 710 478 795 558; x_wconf 73' lang='grc' dir='ltr'><strong><em>ἔχων</em></strong></span> <span class='ocrx_word' id='word_1_18' title='bbox 814 471 885 540; x_wconf 81' lang='grc' dir='ltr'><strong><em>’ἀπὸ</em></strong></span> <span class='ocrx_word' id='word_1_19' title='bbox 912 483 982 543; x_wconf 78' lang='grc' dir='ltr'><strong><em>τῶν</em></strong></span> <span class='ocrx_word' id='word_1_20' title='bbox 1006 482 1137 562; x_wconf 71' lang='grc' dir='ltr'><strong><em>φυλέων</em></strong></span> 
     </span>
     <span class='ocr_line' id='line_1_4' title="bbox 141 569 1133 660; baseline 0.003 -19"><span class='ocrx_word' id='word_1_21' title='bbox 141 577 287 659; x_wconf 84' lang='grc' dir='ltr'><strong><em>ἐστελλε,</em></strong></span> <span class='ocrx_word' id='word_1_22' title='bbox 302 569 517 657; x_wconf 81' lang='grc' dir='ltr'><strong><em>συνοικήσων</em></strong></span> <span class='ocrx_word' id='word_1_23' title='bbox 531 571 681 639; x_wconf 91' lang='grc' dir='ltr'><strong><em>τούτοισι</em></strong></span> <span class='ocrx_word' id='word_1_24' title='bbox 694 573 751 640; x_wconf 82' lang='grc' dir='ltr'><strong><em>καί</em></strong></span> <span class='ocrx_word' id='word_1_25' title='bbox 764 570 920 660; x_wconf 80' lang='grc' dir='ltr'><strong><em>ούδαμως</em></strong></span> <span class='ocrx_word' id='word_1_26' title='bbox 929 576 1071 656; x_wconf 81' lang='grc' dir='ltr'><strong><em>ἐξελέων</em></strong></span> <span class='ocrx_word' id='word_1_27' title='bbox 1079 575 1133 644; x_wconf 71' lang='grc' dir='ltr'><strong><em>αδ</em></strong></span> 
     </span>
     <span class='ocr_line' id='line_1_5' title="bbox 140 667 1138 756; baseline 0.004 -20"><span class='ocrx_word' id='word_1_28' title='bbox 140 667 236 756; x_wconf 82' lang='grc' dir='ltr'><strong><em>τούς,</em></strong></span> <span class='ocrx_word' id='word_1_29' title='bbox 252 667 336 739; x_wconf 85' lang='grc' dir='ltr'><strong><em>άλλά</em></strong></span> <span class='ocrx_word' id='word_1_30' title='bbox 351 670 456 756; x_wconf 90' lang='grc' dir='ltr'><strong><em>κάρτα</em></strong></span> <span class='ocrx_word' id='word_1_31' title='bbox 474 667 711 754; x_wconf 89' lang='grc' dir='ltr'><strong><em>οἰκηιεύμενος.</em></strong></span> <span class='ocrx_word' id='word_1_32' title='bbox 759 669 868 738; x_wconf 79' lang='grc' dir='ltr'><strong><em>ἐπείτε</em></strong></span> <span class='ocrx_word' id='word_1_33' title='bbox 890 672 928 739; x_wconf 77' lang='grc' dir='ltr'><strong><em>δὲ</em></strong></span> <span class='ocrx_word' id='word_1_34' title='bbox 947 674 1004 739; x_wconf 82' lang='grc' dir='ltr'><strong><em>καλ</em></strong></span> <span class='ocrx_word' id='word_1_35' title='bbox 1024 677 1059 740; x_wconf 87' lang='grc' dir='ltr'><strong><em>οί</em></strong></span> <span class='ocrx_word' id='word_1_36' title='bbox 1070 681 1138 740; x_wconf 84' lang='lat' dir='ltr'><strong><em>M·-</em></strong></span> 
     </span>
     <span class='ocr_line' id='line_1_6' title="bbox 138 766 1133 858; baseline 0.003 -23"><span class='ocrx_word' id='word_1_37' title='bbox 138 766 220 835; x_wconf 93' lang='grc' dir='ltr'><strong><em>νύαι</em></strong></span> <span class='ocrx_word' id='word_1_38' title='bbox 236 767 413 851; x_wconf 76' lang='grc' dir='ltr'><strong><em>ἐκδράντες</em></strong></span> <span class='ocrx_word' id='word_1_39' title='bbox 434 769 471 834; x_wconf 92' lang='grc' dir='ltr'><strong><em>ἐκ</em></strong></span> <span class='ocrx_word' id='word_1_40' title='bbox 492 774 550 852; x_wconf 84' lang='grc' dir='ltr'><strong><em>τῆς</em></strong></span> <span class='ocrx_word' id='word_1_41' title='bbox 570 768 687 853; x_wconf 80' lang='grc' dir='ltr'><strong><em>ἑρκτῆς</em></strong></span> <span class='ocrx_word' id='word_1_42' title='bbox 703 770 813 849; x_wconf 75' lang='grc' dir='ltr'><strong><em>ἵζοντο</em></strong></span> <span class='ocrx_word' id='word_1_43' title='bbox 834 770 868 848; x_wconf 89' lang='grc' dir='ltr'><strong><em>ἐς</em></strong></span> <span class='ocrx_word' id='word_1_44' title='bbox 887 766 925 837; x_wconf 81' lang='grc' dir='ltr'><strong><em>τό</em></strong></span> <span class='ocrx_word' id='word_1_45' title='bbox 951 771 1133 858; x_wconf 85' lang='grc' dir='ltr'><strong><em>Τηύγετον,</em></strong></span> 
     </span>
     <span class='ocr_line' id='line_1_7' title="bbox 137 865 1134 952; baseline 0.003 -19"><span class='ocrx_word' id='word_1_46' title='bbox 137 872 206 933; x_wconf 78' lang='grc' dir='ltr'><strong><em>των</em></strong></span> <span class='ocrx_word' id='word_1_47' title='bbox 233 870 509 950; x_wconf 85' lang='grc' dir='ltr'><strong><em>Λακεδαιμονίων</em></strong></span> <span class='ocrx_word' id='word_1_48' title='bbox 537 869 795 951; x_wconf 74' lang='grc' dir='ltr'><strong><em>βουλευομένων</em></strong></span> <span class='ocrx_word' id='word_1_49' title='bbox 821 869 926 952; x_wconf 85' lang='grc' dir='ltr'><strong><em>σφέας</em></strong></span> <span class='ocrx_word' id='word_1_50' title='bbox 951 865 1134 938; x_wconf 77' lang='grc' dir='ltr'><strong><em>ἀπολλύναι</em></strong></span> 
     </span>
     <span class='ocr_line' id='line_1_8' title="bbox 137 959 1137 1050; baseline 0.006 -21"><span class='ocrx_word' id='word_1_51' title='bbox 137 965 347 1048; x_wconf 77' lang='grc' dir='ltr'><strong><em>παραιτέεται</em></strong></span> <span class='ocrx_word' id='word_1_52' title='bbox 362 959 380 1030; x_wconf 82' lang='grc' dir='ltr'><em>ὅ</em></span> <span class='ocrx_word' id='word_1_53' title='bbox 399 961 527 1049; x_wconf 81' lang='grc' dir='ltr'><strong><em>Θήρας,</em></strong></span> <span class='ocrx_word' id='word_1_54' title='bbox 541 960 627 1038; x_wconf 83' lang='grc' dir='ltr'><strong><em>ὅκως</em></strong></span> <span class='ocrx_word' id='word_1_55' title='bbox 646 961 729 1048; x_wconf 92' lang='grc' dir='ltr'><strong><em>μήτε</em></strong></span> <span class='ocrx_word' id='word_1_56' title='bbox 743 962 850 1046; x_wconf 88' lang='grc' dir='ltr'><strong><em>φόνος</em></strong></span> <span class='ocrx_word' id='word_1_57' title='bbox 866 966 1022 1050; x_wconf 82' lang='grc' dir='ltr'><strong><em>γένηται,</em></strong></span> <span class='ocrx_word' id='word_1_58' title='bbox 1040 964 1137 1045; x_wconf 85' lang='grc' dir='ltr'><strong><em>αύτός</em></strong></span> 
     </span>
     <span class='ocr_line' id='line_1_9' title="bbox 137 1058 1136 1149; baseline 0.004 -23"><span class='ocrx_word' id='word_1_59' title='bbox 137 1085 173 1127; x_wconf 86' lang='grc' dir='ltr'><strong><em>τε</em></strong></span> <span class='ocrx_word' id='word_1_60' title='bbox 187 1058 367 1128; x_wconf 83' lang='grc' dir='ltr'><strong><em>ὑπεδέκετό</em></strong></span> <span class='ocrx_word' id='word_1_61' title='bbox 383 1080 487 1145; x_wconf 84' lang='grc' dir='ltr'><strong><em>σφεας</em></strong></span> <span class='ocrx_word' id='word_1_62' title='bbox 501 1058 628 1138; x_wconf 79' lang='grc' dir='ltr'><strong><em>ἐξάξειν</em></strong></span> <span class='ocrx_word' id='word_1_63' title='bbox 639 1061 677 1126; x_wconf 92' lang='grc' dir='ltr'><strong><em>ἐκ</em></strong></span> <span class='ocrx_word' id='word_1_64' title='bbox 690 1065 748 1145; x_wconf 80' lang='grc' dir='ltr'><strong><em>τῆς</em></strong></span> <span class='ocrx_word' id='word_1_65' title='bbox 757 1058 876 1145; x_wconf 74' lang='grc' dir='ltr'><strong><em>χώρης.</em></strong></span> <span class='ocrx_word' id='word_1_66' title='bbox 898 1063 1136 1149; x_wconf 80' lang='grc' dir='ltr'><strong><em>συγχωρησάν-</em></strong></span> 
     </span>
     <span class='ocr_line' id='line_1_10' title="bbox 136 1156 1136 1246; baseline 0.002 -20"><span class='ocrx_word' id='word_1_67' title='bbox 136 1183 205 1227; x_wconf 89' lang='grc' dir='ltr'><strong><em>των</em></strong></span> <span class='ocrx_word' id='word_1_68' title='bbox 221 1158 257 1226; x_wconf 82' lang='grc' dir='ltr'><strong><em>δέ</em></strong></span> <span class='ocrx_word' id='word_1_69' title='bbox 270 1164 311 1246; x_wconf 76' lang='grc' dir='ltr'><strong><em>τῇ</em></strong></span> <span class='ocrx_word' id='word_1_70' title='bbox 326 1156 444 1245; x_wconf 81' lang='grc' dir='ltr'><strong><em>γνύμη</em></strong></span> <span class='ocrx_word' id='word_1_71' title='bbox 464 1162 533 1224; x_wconf 80' lang='grc' dir='ltr'><strong><em>τῶν</em></strong></span> <span class='ocrx_word' id='word_1_72' title='bbox 544 1157 820 1241; x_wconf 86' lang='grc' dir='ltr'><strong><em>Λακεδαιμονίων</em></strong></span> <span class='ocrx_word' id='word_1_73' title='bbox 839 1159 927 1243; x_wconf 81' lang='grc' dir='ltr'><strong><em>τρισὶ</em></strong></span> <span class='ocrx_word' id='word_1_74' title='bbox 946 1161 1136 1245; x_wconf 77' lang='grc' dir='ltr'><strong><em>τριηκοντέ-</em></strong></span> 
     </span>
     <span class='ocr_line' id='line_1_11' title="bbox 136 1249 1135 1342; baseline 0.002 -20"><span class='ocrx_word' id='word_1_75' title='bbox 136 1276 225 1341; x_wconf 85' lang='grc' dir='ltr'><strong><em>ροισι</em></strong></span> <span class='ocrx_word' id='word_1_76' title='bbox 252 1259 285 1335; x_wconf 90' lang='grc' dir='ltr'><strong><em>ἐς</em></strong></span> <span class='ocrx_word' id='word_1_77' title='bbox 315 1253 395 1334; x_wconf 84' lang='grc' dir='ltr'><strong><em>τούς</em></strong></span> <span class='ocrx_word' id='word_1_78' title='bbox 415 1253 641 1341; x_wconf 80' lang='grc' dir='ltr'><strong><em>Μεμβλιάρου</em></strong></span> <span class='ocrx_word' id='word_1_79' title='bbox 670 1249 861 1339; x_wconf 80' lang='grc' dir='ltr'><strong><em>ἀπογόνους</em></strong></span> <span class='ocrx_word' id='word_1_80' title='bbox 887 1259 1035 1342; x_wconf 76' lang='grc' dir='ltr'><strong><em>ἔπλωσε,</em></strong></span> <span class='ocrx_word' id='word_1_81' title='bbox 1066 1254 1135 1324; x_wconf 86' lang='grc' dir='ltr'><strong><em>ούτι</em></strong></span> 
     </span>
     <span class='ocr_line' id='line_1_12' title="bbox 135 1342 1166 1440; baseline -0.001 -18"><span class='ocrx_word' id='word_1_82' title='bbox 135 1355 263 1434; x_wconf 80' lang='grc' dir='ltr'><strong><em>πάντας</em></strong></span> <span class='ocrx_word' id='word_1_83' title='bbox 277 1353 370 1439; x_wconf 86' lang='grc' dir='ltr'><strong><em>άγων</em></strong></span> <span class='ocrx_word' id='word_1_84' title='bbox 383 1348 463 1430; x_wconf 84' lang='grc' dir='ltr'><strong><em>τούς</em></strong></span> <span class='ocrx_word' id='word_1_85' title='bbox 477 1350 632 1435; x_wconf 90' lang='grc' dir='ltr'><strong><em>Μινύας,</em></strong></span> <span class='ocrx_word' id='word_1_86' title='bbox 649 1347 724 1418; x_wconf 73' lang='grc' dir='ltr'><strong><em>ἀλλ’</em></strong></span> <span class='ocrx_word' id='word_1_87' title='bbox 741 1347 876 1437; x_wconf 79' lang='grc' dir='ltr'><strong><em>ὀλίγους</em></strong></span> <span class='ocrx_word' id='word_1_88' title='bbox 889 1351 993 1432; x_wconf 89' lang='grc' dir='ltr'><strong><em>τινάς.</em></strong></span> <span class='ocrx_word' id='word_1_89' title='bbox 1026 1357 1064 1421; x_wconf 85' lang='grc' dir='ltr'><strong><em>σί</em></strong></span> <span class='ocrx_word' id='word_1_90' title='bbox 1073 1351 1134 1440; x_wconf 77' lang='grc' dir='ltr'><strong><em>γάρ</em></strong></span> <span class='ocrx_word' id='word_1_91' title='bbox 1162 1342 1166 1347; x_wconf 50' lang='grc'><strong>’</strong></span> 
     </span>
     <span class='ocr_line' id='line_1_13' title="bbox 134 1445 1134 1539; baseline 0.001 -20"><span class='ocrx_word' id='word_1_92' title='bbox 134 1459 277 1529; x_wconf 83' lang='grc' dir='ltr'><strong><em>πλεῦνες</em></strong></span> <span class='ocrx_word' id='word_1_93' title='bbox 308 1446 421 1517; x_wconf 79' lang='grc' dir='ltr'><strong><em>αὐτῶν</em></strong></span> <span class='ocrx_word' id='word_1_94' title='bbox 449 1447 633 1533; x_wconf 86' lang='grc' dir='ltr'><strong><em>ἐτράποντο</em></strong></span> <span class='ocrx_word' id='word_1_95' title='bbox 660 1449 693 1526; x_wconf 86' lang='grc' dir='ltr'><strong><em>ἐς</em></strong></span> <span class='ocrx_word' id='word_1_96' title='bbox 720 1445 800 1526; x_wconf 81' lang='grc' dir='ltr'><strong><em>τούς</em></strong></span> <span class='ocrx_word' id='word_1_97' title='bbox 827 1448 1057 1539; x_wconf 69' lang='grc' dir='ltr'><strong><em>Παρωρεάτας</em></strong></span> <span class='ocrx_word' id='word_1_98' title='bbox 1084 1452 1134 1520; x_wconf 84' lang='grc' dir='ltr'><strong><em>καί</em></strong></span> 
     </span>
     <span class='ocr_line' id='line_1_14' title="bbox 133 1542 1134 1638; baseline 0.003 -23"><span class='ocrx_word' id='word_1_99' title='bbox 133 1547 338 1632; x_wconf 83' lang='grc' dir='ltr'><strong><em>Καύκωνας,</em></strong></span> <span class='ocrx_word' id='word_1_100' title='bbox 379 1545 520 1624; x_wconf 77' lang='grc' dir='ltr'><strong><em>τούτους</em></strong></span> <span class='ocrx_word' id='word_1_101' title='bbox 552 1542 589 1612; x_wconf 82' lang='grc' dir='ltr'><strong><em>δ’</em></strong></span> <span class='ocrx_word' id='word_1_102' title='bbox 622 1545 836 1626; x_wconf 80' lang='grc' dir='ltr'><strong><em>ἐξελάσαντες</em></strong></span> <span class='ocrx_word' id='word_1_103' title='bbox 867 1550 905 1616; x_wconf 87' lang='grc' dir='ltr'><strong><em>ἐκ</em></strong></span> <span class='ocrx_word' id='word_1_104' title='bbox 938 1555 998 1636; x_wconf 82' lang='grc' dir='ltr'><strong><em>τῆς</em></strong></span> <span class='ocrx_word' id='word_1_105' title='bbox 1029 1549 1134 1638; x_wconf 71' lang='grc' dir='ltr'><strong><em>κόρης</em></strong></span> 
     </span>
     <span class='ocr_line' id='line_1_15' title="bbox 133 1639 1133 1731; baseline 0.005 -20"><span class='ocrx_word' id='word_1_106' title='bbox 133 1646 237 1731; x_wconf 83' lang='grc' dir='ltr'><strong><em>σφέας</em></strong></span> <span class='ocrx_word' id='word_1_107' title='bbox 262 1639 387 1721; x_wconf 81' lang='grc' dir='ltr'><strong><em>αύτούς</em></strong></span> <span class='ocrx_word' id='word_1_108' title='bbox 413 1643 447 1720; x_wconf 76' lang='grc' dir='ltr'><strong><em>ἐξ</em></strong></span> <span class='ocrx_word' id='word_1_109' title='bbox 477 1646 598 1727; x_wconf 87' lang='grc' dir='ltr'><strong><em>μοίρας</em></strong></span> <span class='ocrx_word' id='word_1_110' title='bbox 628 1642 771 1727; x_wconf 70' lang='grc' dir='ltr'><strong><em>διεῖλον,</em></strong></span> <span class='ocrx_word' id='word_1_111' title='bbox 802 1641 857 1708; x_wconf 81' lang='grc' dir='ltr'><strong><em>καὶ</em></strong></span> <span class='ocrx_word' id='word_1_112' title='bbox 887 1648 1029 1727; x_wconf 52' lang='grc' dir='ltr'><strong><em>ἔπειτεν,</em></strong></span> <span class='ocrx_word' id='word_1_113' title='bbox 1050 1653 1133 1716; x_wconf 77' lang='grc' dir='ltr'><strong><em>ἐκτι-</em></strong></span> 
     </span>
     <span class='ocr_line' id='line_1_16' title="bbox 132 1739 1130 1834; baseline 0.004 -23"><span class='ocrx_word' id='word_1_114' title='bbox 132 1763 197 1811; x_wconf 91' lang='grc' dir='ltr'><strong><em>σαν</em></strong></span> <span class='ocrx_word' id='word_1_115' title='bbox 232 1741 328 1819; x_wconf 88' lang='grc' dir='ltr'><strong><em>πόλις</em></strong></span> <span class='ocrx_word' id='word_1_116' title='bbox 366 1739 468 1808; x_wconf 90' lang='grc' dir='ltr'><strong><em>τάσδε</em></strong></span> <span class='ocrx_word' id='word_1_117' title='bbox 499 1742 536 1807; x_wconf 90' lang='grc' dir='ltr'><strong><em>ἐν</em></strong></span> <span class='ocrx_word' id='word_1_118' title='bbox 561 1740 707 1828; x_wconf 87' lang='grc' dir='ltr'><strong><em>αύτοῑσι,</em></strong></span> <span class='ocrx_word' id='word_1_119' title='bbox 741 1743 910 1830; x_wconf 76' lang='grc' dir='ltr'><strong><em>Λέπρεον,</em></strong></span> <span class='ocrx_word' id='word_1_120' title='bbox 943 1745 1130 1834; x_wconf 84' lang='grc' dir='ltr'><strong><em>Μάκιστον,</em></strong></span> 
     </span>
     <span class='ocr_line' id='line_1_17' title="bbox 132 1835 1131 1929; baseline 0.001 -20"><span class='ocrx_word' id='word_1_121' title='bbox 132 1838 273 1929; x_wconf 79' lang='grc' dir='ltr'><strong><em>Φριξάς,</em></strong></span> <span class='ocrx_word' id='word_1_122' title='bbox 303 1839 462 1927; x_wconf 90' lang='grc' dir='ltr'><strong><em>Πύργον,</em></strong></span> <span class='ocrx_word' id='word_1_123' title='bbox 483 1835 635 1924; x_wconf 73' lang='grc' dir='ltr'><strong><em>Ἐπιον,·</em></strong></span> <span class='ocrx_word' id='word_1_124' title='bbox 652 1838 824 1907; x_wconf 79' lang='grc' dir='ltr'><strong><em>Νούδιον·</em></strong></span> <span class='ocrx_word' id='word_1_125' title='bbox 865 1839 998 1910; x_wconf 88' lang='grc' dir='ltr'><strong><em>τούτων</em></strong></span> <span class='ocrx_word' id='word_1_126' title='bbox 1021 1843 1060 1912; x_wconf 76' lang='grc' dir='ltr'><strong><em>δὲ</em></strong></span> <span class='ocrx_word' id='word_1_127' title='bbox 1078 1840 1131 1922; x_wconf 83' lang='grc' dir='ltr'><strong><em>τάς</em></strong></span> 
     </span>
     <span class='ocr_line' id='line_1_18' title="bbox 132 1933 1128 2032; baseline -0.001 -25"><span class='ocrx_word' id='word_1_128' title='bbox 132 1946 279 2018; x_wconf 82' lang='grc' dir='ltr'><strong><em>πλεῦνας</em></strong></span> <span class='ocrx_word' id='word_1_129' title='bbox 296 1935 348 2007; x_wconf 86' lang='grc' dir='ltr'><strong><em>ἐπ’</em></strong></span> <span class='ocrx_word' id='word_1_130' title='bbox 370 1938 446 2022; x_wconf 87' lang='grc' dir='ltr'><strong><em>ἐμέο</em></strong></span> <span class='ocrx_word' id='word_1_131' title='bbox 465 1933 587 2004; x_wconf 69' lang='grc' dir='ltr'><strong><em>Ἠλεῖοι</em></strong></span> <span class='ocrx_word' id='word_1_132' title='bbox 611 1936 816 2022; x_wconf 80' lang='grc' dir='ltr'><strong><em>ἐπόρθησαν.</em></strong></span> <span class='ocrx_word' id='word_1_133' title='bbox 860 1944 901 2026; x_wconf 78' lang='grc' dir='ltr'><strong><em>τῇ</em></strong></span> <span class='ocrx_word' id='word_1_134' title='bbox 922 1939 959 2006; x_wconf 72' lang='grc' dir='ltr'><strong><em>δε</em></strong></span> <span class='ocrx_word' id='word_1_135' title='bbox 973 1938 1069 2032; x_wconf 74' lang='grc' dir='ltr'><strong><em>νήσω</em></strong></span> <span class='ocrx_word' id='word_1_136' title='bbox 1083 1939 1128 2008; x_wconf 79' lang='grc' dir='ltr'><strong><em>ἐπί</em></strong></span> 
     </span>
    </p>

    <p class='ocr_par' dir='ltr' id='par_1_3' title="bbox 66 2029 1127 2907">
     <span class='ocr_line' id='line_1_19' title="bbox 66 2029 1126 2121; baseline 0.004 -21"><span class='ocrx_word' id='word_1_137' title='bbox 66 2043 115 2100; x_wconf 75' lang='lat'><strong><em>149</em></strong></span> <span class='ocrx_word' id='word_1_138' title='bbox 131 2044 193 2106; x_wconf 80' lang='grc' dir='ltr'><strong><em>τδῡ</em></strong></span> <span class='ocrx_word' id='word_1_139' title='bbox 207 2039 357 2104; x_wconf 81' lang='grc' dir='ltr'><strong><em>οἰκιστέω</em></strong></span> <span class='ocrx_word' id='word_1_140' title='bbox 372 2033 468 2121; x_wconf 90' lang='grc' dir='ltr'><strong><em>Θήρα</em></strong></span> <span class='ocrx_word' id='word_1_141' title='bbox 487 2029 507 2118; x_wconf 88' lang='grc' dir='ltr'><strong><em>ή</em></strong></span> <span class='ocrx_word' id='word_1_142' title='bbox 524 2035 696 2120; x_wconf 86' lang='grc' dir='ltr'><strong><em>ἐπωνυμίη</em></strong></span> <span class='ocrx_word' id='word_1_143' title='bbox 711 2036 850 2120; x_wconf 81' lang='grc' dir='ltr'><strong><em>ἐγένετο.</em></strong></span> <span class='ocrx_word' id='word_1_144' title='bbox 877 2032 915 2102; x_wconf 81' lang='lat'><strong><em>‘0</em></strong></span> <span class='ocrx_word' id='word_1_145' title='bbox 936 2037 973 2104; x_wconf 67' lang='grc' dir='ltr'><strong><em>δὲ</em></strong></span> <span class='ocrx_word' id='word_1_146' title='bbox 993 2051 1073 2117; x_wconf 79' lang='grc' dir='ltr'><strong><em>παίς</em></strong></span> <span class='ocrx_word' id='word_1_147' title='bbox 1092 2031 1126 2104; x_wconf 83' lang='grc' dir='ltr'><strong><em>ού</em></strong></span> 
     </span>
     <span class='ocr_line' id='line_1_20' title="bbox 132 2131 1127 2224; baseline -0.002 -21"><span class='ocrx_word' id='word_1_148' title='bbox 132 2134 197 2224; x_wconf 83' lang='grc' dir='ltr'><strong><em>γάρ</em></strong></span> <span class='ocrx_word' id='word_1_149' title='bbox 215 2141 280 2219; x_wconf 87' lang='grc' dir='ltr'><strong><em>ἐφη</em></strong></span> <span class='ocrx_word' id='word_1_150' title='bbox 295 2137 328 2200; x_wconf 87' lang='grc' dir='ltr'><strong><em>οί</em></strong></span> <span class='ocrx_word' id='word_1_151' title='bbox 338 2132 617 2218; x_wconf 73' lang='grc' dir='ltr'><strong><em>συμπλεύσεσθαι,</em></strong></span> <span class='ocrx_word' id='word_1_152' title='bbox 640 2140 807 2219; x_wconf 77' lang='grc' dir='ltr'><strong><em>τοιγαρῶν</em></strong></span> <span class='ocrx_word' id='word_1_153' title='bbox 828 2138 893 2219; x_wconf 86' lang='grc' dir='ltr'><strong><em>ἐφη</em></strong></span> <span class='ocrx_word' id='word_1_154' title='bbox 908 2131 1015 2203; x_wconf 77' lang='grc' dir='ltr'><strong><em>αὐτόν</em></strong></span> <span class='ocrx_word' id='word_1_155' title='bbox 1032 2160 1127 2204; x_wconf 87' lang='grc' dir='ltr'><strong><em>κατα-</em></strong></span> 
     </span>
     <span class='ocr_line' id='line_1_21' title="bbox 131 2226 1127 2318; baseline -0.007 -13"><span class='ocrx_word' id='word_1_156' title='bbox 131 2240 260 2316; x_wconf 77' lang='grc' dir='ltr'><strong><em>λείψειν</em></strong></span> <span class='ocrx_word' id='word_1_157' title='bbox 279 2226 334 2300; x_wconf 74' lang='grc' dir='ltr'><strong><em>όίν</em></strong></span> <span class='ocrx_word' id='word_1_158' title='bbox 354 2232 392 2297; x_wconf 92' lang='grc' dir='ltr'><strong><em>ἐν</em></strong></span> <span class='ocrx_word' id='word_1_159' title='bbox 408 2227 557 2296; x_wconf 85' lang='grc' dir='ltr'><strong><em>λύκοισι·</em></strong></span> <span class='ocrx_word' id='word_1_160' title='bbox 594 2231 647 2297; x_wconf 86' lang='grc' dir='ltr'><strong><em>ἐπί</em></strong></span> <span class='ocrx_word' id='word_1_161' title='bbox 666 2238 727 2296; x_wconf 87' lang='grc' dir='ltr'><strong><em>τοῦ</em></strong></span> <span class='ocrx_word' id='word_1_162' title='bbox 748 2235 845 2308; x_wconf 76' lang='grc' dir='ltr'><strong><em>ἔπεος</em></strong></span> <span class='ocrx_word' id='word_1_163' title='bbox 862 2231 987 2298; x_wconf 88' lang='grc' dir='ltr'><strong><em>τούτου</em></strong></span> <span class='ocrx_word' id='word_1_164' title='bbox 1003 2229 1127 2318; x_wconf 78' lang='grc' dir='ltr'><strong><em>οὕνομα</em></strong></span> 
     </span>
     <span class='ocr_line' id='line_1_22' title="bbox 131 2325 1127 2424; baseline -0.009 -21"><span class='ocrx_word' id='word_1_165' title='bbox 131 2341 177 2424; x_wconf 79' lang='grc' dir='ltr'><strong><em>τῷ</em></strong></span> <span class='ocrx_word' id='word_1_166' title='bbox 191 2339 357 2421; x_wconf 74' lang='grc' dir='ltr'><strong><em>νεηνίσκῳ</em></strong></span> <span class='ocrx_word' id='word_1_167' title='bbox 371 2326 479 2417; x_wconf 80' lang='grc' dir='ltr'><strong><em>τούτω</em></strong></span> <span class='ocrx_word' id='word_1_168' title='bbox 495 2325 660 2405; x_wconf 90' lang='grc' dir='ltr'><strong><em>Οἰόλυκος</em></strong></span> <span class='ocrx_word' id='word_1_169' title='bbox 677 2329 825 2413; x_wconf 81' lang='grc' dir='ltr'><strong><em>ἐγένετο,</em></strong></span> <span class='ocrx_word' id='word_1_170' title='bbox 853 2333 913 2395; x_wconf 88' lang='grc' dir='ltr'><strong><em>καί</em></strong></span> <span class='ocrx_word' id='word_1_171' title='bbox 930 2353 999 2406; x_wconf 92' lang='grc' dir='ltr'><strong><em>κως</em></strong></span> <span class='ocrx_word' id='word_1_172' title='bbox 1018 2325 1057 2394; x_wconf 83' lang='grc' dir='ltr'><strong><em>τὸ</em></strong></span> <span class='ocrx_word' id='word_1_173' title='bbox 1072 2325 1127 2394; x_wconf 86' lang='grc' dir='ltr'><strong><em>ού-</em></strong></span> 
     </span>
     <span class='ocr_line' id='line_1_23' title="bbox 130 2421 1125 2518; baseline -0.007 -19"><span class='ocrx_word' id='word_1_174' title='bbox 130 2457 218 2518; x_wconf 88' lang='grc' dir='ltr'><strong><em>νομα</em></strong></span> <span class='ocrx_word' id='word_1_175' title='bbox 238 2436 337 2497; x_wconf 82' lang='grc' dir='ltr'><strong><em>τοῦτο</em></strong></span> <span class='ocrx_word' id='word_1_176' title='bbox 356 2423 565 2514; x_wconf 86' lang='grc' dir='ltr'><strong><em>ἐπεκράτησε.</em></strong></span> <span class='ocrx_word' id='word_1_177' title='bbox 600 2425 770 2492; x_wconf 90' lang='grc' dir='ltr'><strong><em>Οἰολύκου</em></strong></span> <span class='ocrx_word' id='word_1_178' title='bbox 791 2423 828 2491; x_wconf 74' lang='grc' dir='ltr'><strong><em>δὲ</em></strong></span> <span class='ocrx_word' id='word_1_179' title='bbox 847 2430 975 2510; x_wconf 89' lang='grc' dir='ltr'><strong><em>γίνεται</em></strong></span> <span class='ocrx_word' id='word_1_180' title='bbox 995 2421 1125 2510; x_wconf 81' lang='grc' dir='ltr'><strong><em>Αἰγεύς,</em></strong></span> 
     </span>
     <span class='ocr_line' id='line_1_24' title="bbox 130 2517 1125 2610; baseline -0.009 -14"><span class='ocrx_word' id='word_1_181' title='bbox 130 2525 187 2596; x_wconf 82' lang='grc' dir='ltr'><strong><em>ἄπ’</em></strong></span> <span class='ocrx_word' id='word_1_182' title='bbox 212 2517 255 2592; x_wconf 86' lang='grc' dir='ltr'><strong><em>ού</em></strong></span> <span class='ocrx_word' id='word_1_183' title='bbox 268 2528 421 2610; x_wconf 73' lang='grc' dir='ltr'><strong><em>Αἰγεῖδαι</em></strong></span> <span class='ocrx_word' id='word_1_184' title='bbox 437 2525 634 2607; x_wconf 89' lang='grc' dir='ltr'><strong><em>καλέονται,</em></strong></span> <span class='ocrx_word' id='word_1_185' title='bbox 664 2518 754 2608; x_wconf 88' lang='grc' dir='ltr'><strong><em>φυλή</em></strong></span> <span class='ocrx_word' id='word_1_186' title='bbox 775 2521 902 2606; x_wconf 87' lang='grc' dir='ltr'><strong><em>μεγάλη</em></strong></span> <span class='ocrx_word' id='word_1_187' title='bbox 923 2521 961 2587; x_wconf 87' lang='grc' dir='ltr'><strong><em>ἐν</em></strong></span> <span class='ocrx_word' id='word_1_188' title='bbox 977 2520 1125 2610; x_wconf 85' lang='grc' dir='ltr'><strong><em>Σπάρτη.</em></strong></span> 
     </span>
     <span class='ocr_line' id='line_1_25' title="bbox 129 2613 1125 2709; baseline -0.007 -17"><span class='ocrx_word' id='word_1_189' title='bbox 129 2638 214 2693; x_wconf 83' lang='grc' dir='ltr'><strong><em>τοῖσι</em></strong></span> <span class='ocrx_word' id='word_1_190' title='bbox 229 2624 266 2688; x_wconf 74' lang='grc' dir='ltr'><strong><em>δὲ</em></strong></span> <span class='ocrx_word' id='word_1_191' title='bbox 277 2624 314 2689; x_wconf 88' lang='grc' dir='ltr'><strong><em>ἐν</em></strong></span> <span class='ocrx_word' id='word_1_192' title='bbox 324 2627 364 2709; x_wconf 81' lang='grc' dir='ltr'><strong><em>τῇ</em></strong></span> <span class='ocrx_word' id='word_1_193' title='bbox 379 2626 470 2708; x_wconf 79' lang='grc' dir='ltr'><strong><em>φυλή</em></strong></span> <span class='ocrx_word' id='word_1_194' title='bbox 484 2618 589 2708; x_wconf 91' lang='grc' dir='ltr'><strong><em>ταύτη</em></strong></span> <span class='ocrx_word' id='word_1_195' title='bbox 600 2615 744 2703; x_wconf 90' lang='grc' dir='ltr'><strong><em>άνδράσι</em></strong></span> <span class='ocrx_word' id='word_1_196' title='bbox 754 2614 796 2685; x_wconf 88' lang='grc' dir='ltr'><strong><em>ού</em></strong></span> <span class='ocrx_word' id='word_1_197' title='bbox 809 2616 875 2705; x_wconf 85' lang='grc' dir='ltr'><strong><em>γάρ</em></strong></span> <span class='ocrx_word' id='word_1_198' title='bbox 887 2615 1075 2704; x_wconf 78' lang='grc' dir='ltr'><strong><em>ὑπέμειναν</em></strong></span> <span class='ocrx_word' id='word_1_199' title='bbox 1089 2613 1125 2685; x_wconf 81' lang='grc' dir='ltr'><strong><em>τά</em></strong></span> 
     </span>
     <span class='ocr_line' id='line_1_26' title="bbox 128 2716 1126 2811; baseline -0.009 -18"><span class='ocrx_word' id='word_1_200' title='bbox 128 2731 239 2809; x_wconf 85' lang='grc' dir='ltr'><strong><em>τέκνα,</em></strong></span> <span class='ocrx_word' id='word_1_201' title='bbox 254 2721 433 2811; x_wconf 77' lang='grc' dir='ltr'><strong><em>ἱδρύσαντο</em></strong></span> <span class='ocrx_word' id='word_1_202' title='bbox 450 2723 703 2808; x_wconf 78' lang='grc' dir='ltr'><strong><em>ἐκθεοπροπίου</em></strong></span> <span class='ocrx_word' id='word_1_203' title='bbox 713 2716 876 2806; x_wconf 80' lang='grc' dir='ltr'><strong><em>Ἐρινύων</em></strong></span> <span class='ocrx_word' id='word_1_204' title='bbox 889 2724 958 2787; x_wconf 79' lang='grc' dir='ltr'><strong><em>τῶν</em></strong></span> <span class='ocrx_word' id='word_1_205' title='bbox 971 2725 1082 2788; x_wconf 84' lang='grc' dir='ltr'><strong><em>Ααίου</em></strong></span> <span class='ocrx_word' id='word_1_206' title='bbox 1094 2743 1126 2786; x_wconf 85' lang='grc' dir='ltr'><strong><em>τε</em></strong></span> 
     </span>
     <span class='ocr_line' id='line_1_27' title="bbox 129 2812 1124 2907; baseline -0.01 -16"><span class='ocrx_word' id='word_1_207' title='bbox 129 2825 184 2892; x_wconf 86' lang='grc' dir='ltr'><strong><em>καί</em></strong></span> <span class='ocrx_word' id='word_1_208' title='bbox 200 2820 388 2891; x_wconf 81' lang='grc' dir='ltr'><strong><em>Οἰδιπόδεω</em></strong></span> <span class='ocrx_word' id='word_1_209' title='bbox 405 2819 491 2907; x_wconf 90' lang='grc' dir='ltr'><strong><em>ίρόν.</em></strong></span> <span class='ocrx_word' id='word_1_210' title='bbox 528 2822 584 2886; x_wconf 89' lang='grc' dir='ltr'><strong><em>καί</em></strong></span> <span class='ocrx_word' id='word_1_211' title='bbox 602 2815 684 2905; x_wconf 83' lang='grc' dir='ltr'><strong><em>μετά</em></strong></span> <span class='ocrx_word' id='word_1_212' title='bbox 704 2823 803 2884; x_wconf 83' lang='grc' dir='ltr'><strong><em>τοῦτο</em></strong></span> <span class='ocrx_word' id='word_1_213' title='bbox 819 2814 987 2903; x_wconf 80' lang='grc' dir='ltr'><strong><em>ὑπέμεινε.</em></strong></span> <span class='ocrx_word' id='word_1_214' title='bbox 1021 2812 1124 2886; x_wconf 79' lang='grc' dir='ltr'><strong><em>τάντδ</em></strong></span> 
     </span>
    </p>
   </div>
   <div class='ocr_carea' id='block_1_3' title="bbox 63 2911 1167 3498">
    <p class='ocr_par' dir='ltr' id='par_1_4' title="bbox 63 2911 1167 3498">
     <span class='ocr_line' id='line_1_28' title="bbox 128 2911 1125 3005; baseline -0.01 -16"><span class='ocrx_word' id='word_1_215' title='bbox 128 2928 227 2991; x_wconf 84' lang='grc' dir='ltr'><strong><em>τούτο</em></strong></span> <span class='ocrx_word' id='word_1_216' title='bbox 239 2973 334 2988; x_wconf 93' lang='grc'><strong>......</strong></span> <span class='ocrx_word' id='word_1_217' title='bbox 350 2921 405 2987; x_wconf 83' lang='grc' dir='ltr'><strong><em>καί</em></strong></span> <span class='ocrx_word' id='word_1_218' title='bbox 419 2920 456 2985; x_wconf 91' lang='grc' dir='ltr'><strong><em>ἐν</em></strong></span> <span class='ocrx_word' id='word_1_219' title='bbox 470 2916 565 3005; x_wconf 83' lang='grc' dir='ltr'><strong><em>Θήρη</em></strong></span> <span class='ocrx_word' id='word_1_220' title='bbox 579 2930 664 2985; x_wconf 80' lang='grc' dir='ltr'><strong><em>τοῖσι</em></strong></span> <span class='ocrx_word' id='word_1_221' title='bbox 678 2913 744 2982; x_wconf 85' lang='grc' dir='ltr'><strong><em>άπὸ</em></strong></span> <span class='ocrx_word' id='word_1_222' title='bbox 765 2912 834 2982; x_wconf 75' lang='grc' dir='ltr'><strong><em>τῶν</em></strong></span> <span class='ocrx_word' id='word_1_223' title='bbox 849 2911 986 2998; x_wconf 77' lang='grc' dir='ltr'><strong><em>ἀνδρῶν</em></strong></span> <span class='ocrx_word' id='word_1_224' title='bbox 999 2913 1125 2981; x_wconf 85' lang='grc' dir='ltr'><strong><em>τούτων</em></strong></span> 
     </span>
     <span class='ocr_line' id='line_1_29' title="bbox 128 3016 1167 3106; baseline -0.011 -20"><span class='ocrx_word' id='word_1_225' title='bbox 128 3016 292 3106; x_wconf 86' lang='grc' dir='ltr'><strong><em>γεγονόσι.</em></strong></span> <span class='ocrx_word' id='word_1_226' title='bbox 1165 3022 1167 3031; x_wconf 88' lang='grc'><strong>“</strong></span> 
     </span>
     <span class='ocr_line' id='line_1_30' title="bbox 63 3105 1125 3200; baseline -0.015 -12"><span class='ocrx_word' id='word_1_227' title='bbox 63 3130 113 3188; x_wconf 72' lang='grc'><strong><em>150</em></strong></span> <span class='ocrx_word' id='word_1_228' title='bbox 210 3119 320 3200; x_wconf 82' lang='grc' dir='ltr'><strong><em>Μέχρι</em></strong></span> <span class='ocrx_word' id='word_1_229' title='bbox 343 3116 405 3200; x_wconf 85' lang='grc' dir='ltr'><strong><em>μέν</em></strong></span> <span class='ocrx_word' id='word_1_230' title='bbox 426 3138 492 3179; x_wconf 92' lang='grc' dir='ltr'><strong><em>νυν</em></strong></span> <span class='ocrx_word' id='word_1_231' title='bbox 512 3111 636 3178; x_wconf 90' lang='grc' dir='ltr'><strong><em>τούτου</em></strong></span> <span class='ocrx_word' id='word_1_232' title='bbox 663 3109 849 3192; x_wconf 82' lang='grc' dir='ltr'><strong><em>τοῦλόγου</em></strong></span> <span class='ocrx_word' id='word_1_233' title='bbox 867 3105 1125 3192; x_wconf 86' lang='grc' dir='ltr'><strong><em>Λακεδαιμόνιοι</em></strong></span> 
     </span>
     <span class='ocr_line' id='line_1_31' title="bbox 127 3202 1125 3300; baseline -0.011 -18"><span class='ocrx_word' id='word_1_234' title='bbox 127 3218 303 3300; x_wconf 87' lang='grc' dir='ltr'><strong><em>Θηραίοισι</em></strong></span> <span class='ocrx_word' id='word_1_235' title='bbox 317 3208 400 3279; x_wconf 83' lang='grc' dir='ltr'><strong><em>κατά</em></strong></span> <span class='ocrx_word' id='word_1_236' title='bbox 415 3207 519 3278; x_wconf 84' lang='grc' dir='ltr'><strong><em>ταύτά</em></strong></span> <span class='ocrx_word' id='word_1_237' title='bbox 534 3212 685 3294; x_wconf 78' lang='grc' dir='ltr'><strong><em>λέγουσι,</em></strong></span> <span class='ocrx_word' id='word_1_238' title='bbox 708 3204 746 3275; x_wconf 81' lang='grc' dir='ltr'><strong><em>τό</em></strong></span> <span class='ocrx_word' id='word_1_239' title='bbox 768 3207 805 3274; x_wconf 73' lang='grc' dir='ltr'><strong><em>δὲ</em></strong></span> <span class='ocrx_word' id='word_1_240' title='bbox 819 3202 885 3272; x_wconf 81' lang='grc' dir='ltr'><strong><em>άπὸ</em></strong></span> <span class='ocrx_word' id='word_1_241' title='bbox 902 3203 1028 3273; x_wconf 89' lang='grc' dir='ltr'><strong><em>τούτου</em></strong></span> <span class='ocrx_word' id='word_1_242' title='bbox 1043 3209 1125 3291; x_wconf 83' lang='grc' dir='ltr'><strong><em>μού-</em></strong></span> 
     </span>
     <span class='ocr_line' id='line_1_32' title="bbox 126 3299 1167 3396; baseline -0.012 -16"><span class='ocrx_word' id='word_1_243' title='bbox 126 3337 181 3380; x_wconf 94' lang='grc' dir='ltr'><strong><em>νοι</em></strong></span> <span class='ocrx_word' id='word_1_244' title='bbox 193 3319 334 3396; x_wconf 85' lang='grc' dir='ltr'><strong><em>Θηραῖοι</em></strong></span> <span class='ocrx_word' id='word_1_245' title='bbox 348 3301 414 3377; x_wconf 81' lang='grc' dir='ltr'><strong><em>όδε</em></strong></span> <span class='ocrx_word' id='word_1_246' title='bbox 426 3311 586 3395; x_wconf 73' lang='grc' dir='ltr'><strong><em>γενέσθαι</em></strong></span> <span class='ocrx_word' id='word_1_247' title='bbox 600 3314 745 3392; x_wconf 70' lang='grc' dir='ltr'><strong><em>λέγουσι.</em></strong></span> <span class='ocrx_word' id='word_1_248' title='bbox 787 3310 909 3390; x_wconf 81' lang='grc' dir='ltr'><strong><em>Γρτνος</em></strong></span> <span class='ocrx_word' id='word_1_249' title='bbox 919 3299 938 3370; x_wconf 87' lang='grc' dir='ltr'>ὁ</span> <span class='ocrx_word' id='word_1_250' title='bbox 950 3306 1125 3383; x_wconf 84' lang='grc' dir='ltr'><strong><em>Αἰσανίου,</em></strong></span> <span class='ocrx_word' id='word_1_251' title='bbox 1163 3358 1167 3367; x_wconf 95' lang='grc'>.</span> 
     </span>
     <span class='ocr_line' id='line_1_33' title="bbox 128 3399 1125 3498; baseline -0.015 -15"><span class='ocrx_word' id='word_1_252' title='bbox 128 3410 194 3483; x_wconf 72' lang='grc' dir='ltr'><strong><em>ἐάν</em></strong></span> <span class='ocrx_word' id='word_1_253' title='bbox 208 3409 303 3498; x_wconf 85' lang='grc' dir='ltr'><strong><em>Θήρα</em></strong></span> <span class='ocrx_word' id='word_1_254' title='bbox 319 3409 443 3478; x_wconf 87' lang='grc' dir='ltr'><strong><em>τούτου</em></strong></span> <span class='ocrx_word' id='word_1_255' title='bbox 462 3405 630 3492; x_wconf 91' lang='grc' dir='ltr'><strong><em>άπόγονος</em></strong></span> <span class='ocrx_word' id='word_1_256' title='bbox 650 3411 706 3475; x_wconf 85' lang='grc' dir='ltr'><strong><em>καί</em></strong></span> <span class='ocrx_word' id='word_1_257' title='bbox 725 3403 915 3494; x_wconf 80' lang='grc' dir='ltr'><strong><em>βασιλεύων</em></strong></span> <span class='ocrx_word' id='word_1_258' title='bbox 936 3399 1052 3489; x_wconf 83' lang='grc' dir='ltr'><strong><em>Θήρης</em></strong></span> <span class='ocrx_word' id='word_1_259' title='bbox 1071 3405 1125 3485; x_wconf 79' lang='grc' dir='ltr'><strong><em>τῆς</em></strong></span> 
     </span>
    </p>
   </div>
   <div class='ocr_carea' id='block_1_4' title="bbox 0 0 1182 3840">
    <p class='ocr_par' dir='ltr' id='par_1_5' title="bbox 0 0 1182 3840">
     <span class='ocr_line' id='line_1_34' title="bbox 0 0 1182 3840; baseline 0 4"><span class='ocrx_word' id='word_1_260' title='bbox 0 0 1182 3840; x_wconf 95' lang='lat' dir='ltr'><strong><em> </em></strong></span> 
     </span>
    </p>
   </div>
  </div>
 </body>
</html>
