2354 3840
111 196 173 259 156
499 188 753 247 HERODOTI

109 358 186 426 πόλι
208 360 283 424 ἐστι’.
328 352 370 422 ού
391 352 506 438 μέντοι
527 353 621 434 αἵγε
641 353 799 435 μαντηίαι
823 368 886 432 σφι
907 350 994 414 κατὰ
1015 370 1107 415 τουτο

60 458 127 517 84‘
110 461 238 538 εστάσι,
268 449 351 520 άλλᾶ
377 451 574 535 διάφοροίε
557 454 630 516 εἰσι,
670 445 717 513 Ἡ
732 446 804 513 δδί
789 442 921 533 ἰητρικὴ
937 471 1025 513 κατα
1012 442 1109 551 τάδε

110 573 171 639 σφι
194 555 364 618 δέδασται·
388 555 464 634 μιῆς
484 546 613 613 νούσου
634 546 771 621 ἕκαστος
792 541 905 629 ἰητρός
924 545 996 610 έστι
1011 516 1108 659 2666

110 653 273 722 πλεόνων.
330 648 439 715 πάντα
467 644 499 714 δ’
527 649 651 732 ἰητρῶν
677 645 745 711 έστί
771 644 872 708 πλέα·
906 646 943 709 οἱ
966 640 1031 727 μέν
1054 635 1107 725 γάρ

111 750 301 837 ὀφθαλμῶν
315 748 422 831 ἰητροὶ
436 748 627 823 κατεστᾶσι,
654 746 688 810 οἰ
700 740 738 809 δὲ
754 747 913 827 κεφαλῆς,
926 745 962 809 οἰ
971 741 1009 809 δέ
1022 736 1109 809 ὀδόν·

110 871 230 933 τωυ,ο
212 848 292 913 οἱδὲ
307 850 375 911 τῶν
389 867 472 911 κατα
460 840 607 927 νηδύν,
624 865 655 908 οι
647 839 708 908 ’δὲ
720 845 790 907 τάν
801 836 964 925 ἀφανέων
972 838 1113 908 νούσων(

63 954 97 1009 85
113 952 240 1032 Θρήυοι
255 944 291 1010 δὲ
309 946 364 1010 καὶ
378 948 485 1027 ταφαί
502 960 617 1026 σφεων
640 941 703 1006 εἰσί
718 940 807 1005 αἵδε·
829 951 916 1006 τοίσι
937 935 985 1007 άν
999 937 1108 1026 άπογέ-

112 1068 210 1163 νηται
231 1044 267 1108 ἐκ
288 1047 356 1107 τῶν
377 1046 493 1107 οἰκίον
516 1037 716 1125 ἅνθρωπος,
742 1043 804 1104 τοῦ
822 1060 873 1116 τις
892 1039 952 1106 καὶ
973 1029 1107 1162 λόγρςή,

113 1140 149 1209 τδ
168 1147 259 1226 θῆλυ
280 1140 377 1225 γένος
399 1145 469 1206 πᾶν
491 1136 528 1206 τὸ
554 1141 590 1206 έκ
606 1144 676 1204 τῶν
689 1161 707 1203 ο
710 1143 806 1204 ἰκίων
827 1137 961 1205 τούτων
982 1135 1056 1207 κατ’
1069 1129 1107 1204 έν

114 1239 277 1309 ἐπλάσατο
298 1235 361 1324 τήν
381 1235 533 1324 κεφαλήν
552 1232 680 1325 πηλῷ
664 1262 685 1322 η
681 1233 757 1302 καί
775 1232 814 1302 τὸ
831 1236 1036 1322 πρόσωπον,
1058 1232 1105 1303 κά-

113 1364 225 1406 πειτεν
246 1340 283 1404 έν
297 1350 382 1404 τοῖσι
398 1341 532 1404 οἰκίοισι
548 1340 707 1402 λιποῦσαι
720 1330 781 1400 τὸν
800 1330 927 1419 νεκρδν
940 1330 1041 1401 αύταί
1053 1326 1107 1400 άνά

114 1435 175 1522 τήν
202 1434 303 1501 πόλιν
329 1430 580 1519 στρωφεόμεναι
600 1431 784 1500 τύπτονται
812 1433 1039 1519 ἐπεζωσμέναι
1062 1433 1107 1501 καί

114 1540 296 1619 φαίνουσαι
323 1531 402 1609 τούς
426 1533 566 1617 μαζούς,
592 1529 657 1598 σύν
683 1534 724 1598 δέ
744 1548 805 1616 σφι
830 1535 867 1598 αλ
888 1531 1106 1621 προσήκουσαι

113 1639 225 1699 πᾶσαι.
262 1633 428 1718 ἑτέρωθεν
444 1635 513 1699 δὲο
515 1629 663 1747 ἰήνδρες
677 1630 877 1715 τύπτονται,
899 1632 959 1697 έπε
961 1631 1107 1750 ζωρμένοι

114 1732 168 1797 καί
184 1721 287 1796 οὗτοι.
328 1727 431 1796 έπεάυ
448 1728 604 1796 δὲταῦτα
619 1728 801 1814 ποιήσωσι,
823 1725 914 1796 οὕτω
936 1725 1023 1807 ές
985 1754 1050 1815 την
1058 1752 1109 1795 τα

66 1840 99 1894 86
114 1838 263 1918 ρίχευσιν
277 1856 342 1914 κομ
344 1835 531 1910 ἰ.Εζουσι
499 1831 575 1898 Εἰσὶ
590 1830 673 1896 δδολ
668 1826 747 1895 ἐπ’
766 1823 858 1917 αύτῷ
872 1827 984 1922 τούτφ
1003 1826 1108 1895 κατέα-
1148 1832 1152 1905 6

114 1955 168 1997 ται
182 1931 289 2009 μαλ’
250 1954 370 2014 τεχνην
385 1934 498 2014 έχουσι
512 1927 647 2012 ταύτην.
695 1919 806 2013 οὗτοι,
829 1895 934 1996 έπεάυ
948 1946 1013 2016 σφι
1025 1952 1109 2015 κομι-
1150 1968 1152 1975 ·

114 2035 183 2115 σδή
212 2023 349 2111 νεκρὸς,
381 2027 555 2093 δεικνύασι
579 2040 665 2092 τοίσι
689 2031 846 2110 κομίσασι
870 2032 1109 2115 παραδείγματα
1150 2018 1152 2055 ³

114 2131 245 2210 νεκρῶν
269 2123 402 2208 ξύλινα,
430 2131 471 2213 τῇ
495 2131 609 2213 γραφή
633 2130 861 2214 μεμιμημένα,
889 2126 958 2197 καί
968 2127 1034 2217 τήν
1057 2126 1109 2215 μέν

115 2221 382 2307 σπουδαιοτάτην
397 2220 526 2292 αύτέων
541 2228 623 2311 φασί
639 2223 724 2293 εἰναι
738 2234 800 2293 τοῦ
815 2223 879 2294 ούκ
895 2225 995 2298 ὅσιον
1004 2232 1110 2298 ποιεύ-

117 2346 175 2406 μαι
196 2317 233 2386 τό
255 2318 385 2407 ούυομα
406 2325 459 2390 έπλ
479 2325 620 2414 τοιούτῳ
635 2326 805 2413 πρήγματι
820 2324 1039 2415 ούνομάξειν,
1057 2324 1110 2413 τήν

117 2419 153 2486 δί
169 2420 329 2505 δευτέρην
345 2420 520 2490 δεικνύασι
534 2420 780 2510 ὑποδεεστέρην
800 2448 836 2491 τε
849 2424 975 2512 ταύτης
993 2426 1049 2495 καί
1061 2419 1109 2491 εύ-

116 2519 320 2603 τελεστέρην,
342 2517 404 2605 τήν
419 2521 455 2588 δὲ
444 2529 586 2644 τρίτην
604 2521 849 2611 εὐτελεστάτην.
879 2523 1068 2609 φράσαντες
1080 2520 1110 2589 δέ

117 2616 352 2683 πυνθάνονται
372 2617 453 2738 πριρ’
473 2618 604 2707 αύτάν,
631 2624 706 2689 κατ’
731 2620 849 2708 ἥντινα
861 2622 1049 2710 βούλονταί
1058 2638 1111 2705 σφι

116 2719 347 2797 σκευασθῆναι
371 2714 433 2780 τὸν
456 2719 589 2804 νεκρόν.
631 2745 649 2786 ο
651 2719 749 2805 ἰμδν
769 2718 810 2808 66
834 2719 989 2789 έκποδάν
1004 2722 1110 2808 μισθῷ

116 2807 381 2897 ὁμολογήσαντες
395 2810 684 2903 ἀπαλλάσσονται,
707 2822 742 2885 οἰ
754 2819 791 2885 δὲ
806 2815 1068 2905 ὑπολειπόμενοι
1079 2816 1111 2882 ἰν

116 2910 273 2998 οἰκήμασι
288 2903 400 2979 άδε
363 2939 403 2979 τα
419 2916 666 2983 σπουδαιότατα
683 2913 913 3002 ταριχεύουσι·
929 2940 1046 3038 πρριτα
1058 2914 1112 3002 μδν

116 3016 238 3099 σκολιῷ
260 3010 385 3100 σιδήρῳ
406 3009 462 3080 διά
478 3020 546 3080 τῶν
560 3014 816 3100 μυξωτήρωνξ
784 3015 840 3094 ἐξ’
818 3033 939 3099 αγουσι
952 3013 1016 3083 τδν
1028 3016 1113 3102 έγτέ·

116 3078 243 3191 φαλού,
272 3133 313 3173 τα
301 3105 446 3193 666'
405 3117 510 3177 αυτοῦ
525 3109 615 3178 οὕτω
629 3113 819 3279 έξάγοντεός,
846 3138 888 3179 τα
876 3110 941 3180 δὲ
955 3115 1113 3202 ἐγχέοντες

117 3205 285 3325 φάρρακρι.
323 3232 404 3291 μετα
391 3205 455 3275 δε
471 3217 558 3300 λίδρι
570 3207 795 3333 Αἰδιοπικῷό
799 3213 847 3290 έί
799 3213 1114 3299 παρασχίσαντες

117 3302 206 3391 παρά
231 3299 292 3389 τήν
318 3308 473 3395 λαπάρην
497 3301 584 3388 ἐξ
557 3336 606 3376 ον
632 3279 783 3378 εἷλον
747 3336 809 3397 την
836 3315 969 3398 κοιλίην
998 3318 1114 3395 πάσαν,

110 3403 362 3489 ἐκκαθήραντες
383 3407 420 3474 δέ
440 3405 548 3495 αὐτην
571 3410 627 3475 καὶ
651 3407 873 3494 διηθήσαντες
899 3415 983 3497 οἰνφ
1008 3434 1115 3494 φοινι-
