<?xml version="1.0" encoding="UTF-8"?>
<!DOCTYPE html PUBLIC "-//W3C//DTD XHTML 1.0 Transitional//EN"
    "http://www.w3.org/TR/xhtml1/DTD/xhtml1-transitional.dtd">
<html xmlns="http://www.w3.org/1999/xhtml" xml:lang="en" lang="en">
 <head>
  <title>
</title>
<meta http-equiv="Content-Type" content="text/html;charset=utf-8" />
  <meta name='ocr-system' content='tesseract 3.04.00' />
  <meta name='ocr-capabilities' content='ocr_page ocr_carea ocr_par ocr_line ocrx_word'/>
</head>
<body>
  <div class='ocr_page' id='page_1' title='image "./herodotihistori03herogoog_0137.png"; bbox 0 0 2354 3840; ppageno 0'>
   <div class='ocr_carea' id='block_1_1' title="bbox 125 195 753 257">
    <p class='ocr_par' dir='ltr' id='par_1_1' title="bbox 125 195 753 257">
     <span class='ocr_line' id='line_1_1' title="bbox 125 195 753 257; baseline 0.002 -1"><span class='ocrx_word' id='word_1_1' title='bbox 125 195 184 256; x_wconf 71' lang='lat'><strong><em>124</em></strong></span> <span class='ocrx_word' id='word_1_2' title='bbox 497 198 753 257; x_wconf 82' lang='lat' dir='ltr'>HERODOTI</span> 
     </span>
    </p>
   </div>
   <div class='ocr_carea' id='block_1_2' title="bbox 74 354 1168 3487">
    <p class='ocr_par' dir='ltr' id='par_1_2' title="bbox 74 354 1168 3487">
     <span class='ocr_line' id='line_1_2' title="bbox 122 354 1121 445; baseline 0.002 -20"><span class='ocrx_word' id='word_1_3' title='bbox 122 356 187 426; x_wconf 79' lang='grc' dir='ltr'><strong><em>έύν</em></strong></span> <span class='ocrx_word' id='word_1_4' title='bbox 211 357 227 425; x_wconf 90' lang='grc' dir='ltr'><strong>ὁ</strong></span> <span class='ocrx_word' id='word_1_5' title='bbox 250 366 390 444; x_wconf 79' lang='grc' dir='ltr'><strong><em>Νεῖλος,</em></strong></span> <span class='ocrx_word' id='word_1_6' title='bbox 420 355 455 425; x_wconf 86' lang='grc' dir='ltr'>τό</span> <span class='ocrx_word' id='word_1_7' title='bbox 479 360 515 425; x_wconf 76' lang='grc' dir='ltr'><strong><em>δὲ</em></strong></span> <span class='ocrx_word' id='word_1_8' title='bbox 537 354 602 424; x_wconf 77' lang='grc' dir='ltr'><strong><em>ἀπὸ</em></strong></span> <span class='ocrx_word' id='word_1_9' title='bbox 625 354 748 443; x_wconf 78' lang='grc' dir='ltr'><strong><em>ταύτης</em></strong></span> <span class='ocrx_word' id='word_1_10' title='bbox 766 363 825 443; x_wconf 79' lang='grc' dir='ltr'><strong><em>τῆς</em></strong></span> <span class='ocrx_word' id='word_1_11' title='bbox 845 356 963 438; x_wconf 85' lang='grc' dir='ltr'><strong><em>πόλιος</em></strong></span> <span class='ocrx_word' id='word_1_12' title='bbox 987 362 1121 445; x_wconf 74' lang='grc' dir='ltr'><strong><em>σχίζεται</em></strong></span> 
     </span>
     <span class='ocr_line' id='line_1_3' title="bbox 123 451 1122 544; baseline 0.004 -21"><span class='ocrx_word' id='word_1_13' title='bbox 123 462 298 541; x_wconf 76' lang='grc' dir='ltr'><strong><em>τριφασίας</em></strong></span> <span class='ocrx_word' id='word_1_14' title='bbox 312 453 422 534; x_wconf 86' lang='grc' dir='ltr'><strong><em>ὁδούς.</em></strong></span> <span class='ocrx_word' id='word_1_15' title='bbox 463 456 519 523; x_wconf 78' lang='grc' dir='ltr'><strong><em>καὶ</em></strong></span> <span class='ocrx_word' id='word_1_16' title='bbox 533 451 552 542; x_wconf 83' lang='grc' dir='ltr'><strong><em>ἡ</em></strong></span> <span class='ocrx_word' id='word_1_17' title='bbox 568 451 730 541; x_wconf 74' lang='grc' dir='ltr'><strong><em>μὲνπρός</em></strong></span> <span class='ocrx_word' id='word_1_18' title='bbox 742 451 793 541; x_wconf 77' lang='grc' dir='ltr'><strong><em>ηῦ</em></strong></span> <span class='ocrx_word' id='word_1_19' title='bbox 807 455 985 544; x_wconf 73' lang='grc' dir='ltr'><strong><em>τρέπεται,</em></strong></span> <span class='ocrx_word' id='word_1_20' title='bbox 1007 453 1046 527; x_wconf 85' lang='grc' dir='ltr'><strong><em>τδ</em></strong></span> <span class='ocrx_word' id='word_1_21' title='bbox 1067 482 1122 527; x_wconf 85' lang='grc' dir='ltr'><strong><em>τιυ-</em></strong></span> 
     </span>
     <span class='ocr_line' id='line_1_4' title="bbox 122 549 1123 643; baseline 0.002 -21"><span class='ocrx_word' id='word_1_22' title='bbox 122 556 229 622; x_wconf 89' lang='grc' dir='ltr'><strong><em>λέεται</em></strong></span> <span class='ocrx_word' id='word_1_23' title='bbox 250 553 447 639; x_wconf 80' lang='grc' dir='ltr'><strong><em>Πηλούσιον</em></strong></span> <span class='ocrx_word' id='word_1_24' title='bbox 468 551 591 639; x_wconf 91' lang='grc' dir='ltr'><strong><em>στόμα,</em></strong></span> <span class='ocrx_word' id='word_1_25' title='bbox 619 549 639 637; x_wconf 81' lang='grc' dir='ltr'><em>ἡ</em></span> <span class='ocrx_word' id='word_1_26' title='bbox 662 552 699 619; x_wconf 68' lang='grc' dir='ltr'><strong><em>δὲ</em></strong></span> <span class='ocrx_word' id='word_1_27' title='bbox 720 554 814 641; x_wconf 83' lang='grc' dir='ltr'><strong><em>έτέρη</em></strong></span> <span class='ocrx_word' id='word_1_28' title='bbox 837 561 906 622; x_wconf 77' lang='grc' dir='ltr'><strong><em>τῶν</em></strong></span> <span class='ocrx_word' id='word_1_29' title='bbox 930 551 1024 623; x_wconf 75' lang='grc' dir='ltr'><strong><em>ὁδῶν</em></strong></span> <span class='ocrx_word' id='word_1_30' title='bbox 1046 551 1123 643; x_wconf 82' lang='grc' dir='ltr'><strong><em>πρδς</em></strong></span> 
     </span>
     <span class='ocr_line' id='line_1_5' title="bbox 122 646 1121 740; baseline 0.003 -21"><span class='ocrx_word' id='word_1_31' title='bbox 122 653 266 740; x_wconf 81' lang='grc' dir='ltr'><strong><em>ἕσπέρην</em></strong></span> <span class='ocrx_word' id='word_1_32' title='bbox 281 658 362 738; x_wconf 77' lang='grc' dir='ltr'><strong><em>ἔχει·</em></strong></span> <span class='ocrx_word' id='word_1_33' title='bbox 393 659 492 720; x_wconf 91' lang='grc' dir='ltr'><strong><em>τοῦτο</em></strong></span> <span class='ocrx_word' id='word_1_34' title='bbox 511 650 548 718; x_wconf 70' lang='grc' dir='ltr'><strong><em>δὲ</em></strong></span> <span class='ocrx_word' id='word_1_35' title='bbox 561 647 767 737; x_wconf 82' lang='grc' dir='ltr'><strong><em>Κανωβικόν</em></strong></span> <span class='ocrx_word' id='word_1_36' title='bbox 788 651 893 738; x_wconf 85' lang='grc' dir='ltr'><strong><em>στόμα</em></strong></span> <span class='ocrx_word' id='word_1_37' title='bbox 908 653 1075 739; x_wconf 82' lang='grc' dir='ltr'><strong><em>κέκληται.</em></strong></span> <span class='ocrx_word' id='word_1_38' title='bbox 1102 646 1121 739; x_wconf 69' lang='grc' dir='ltr'><strong>ἦ</strong></span> 
     </span>
     <span class='ocr_line' id='line_1_6' title="bbox 122 745 1166 838; baseline -0.002 -21"><span class='ocrx_word' id='word_1_39' title='bbox 122 750 158 817; x_wconf 76' lang='grc' dir='ltr'><strong><em>δδ</em></strong></span> <span class='ocrx_word' id='word_1_40' title='bbox 180 747 220 835; x_wconf 77' lang='grc' dir='ltr'><strong><em>δὴ</em></strong></span> <span class='ocrx_word' id='word_1_41' title='bbox 243 751 322 817; x_wconf 85' lang='grc' dir='ltr'><strong><em>ίθέα</em></strong></span> <span class='ocrx_word' id='word_1_42' title='bbox 335 755 404 817; x_wconf 81' lang='grc' dir='ltr'><strong><em>τῦν</em></strong></span> <span class='ocrx_word' id='word_1_43' title='bbox 425 745 517 816; x_wconf 83' lang='grc' dir='ltr'><strong><em>ὁδῦν</em></strong></span> <span class='ocrx_word' id='word_1_44' title='bbox 533 753 579 838; x_wconf 78' lang='grc' dir='ltr'><strong><em>τῷ</em></strong></span> <span class='ocrx_word' id='word_1_45' title='bbox 594 754 708 838; x_wconf 87' lang='grc' dir='ltr'><strong><em>Νείλφ</em></strong></span> <span class='ocrx_word' id='word_1_46' title='bbox 724 749 791 816; x_wconf 80' lang='grc' dir='ltr'><strong><em>ἐστὶ</em></strong></span> <span class='ocrx_word' id='word_1_47' title='bbox 810 745 888 836; x_wconf 80' lang='grc' dir='ltr'><strong><em>ἥδε·</em></strong></span> <span class='ocrx_word' id='word_1_48' title='bbox 913 746 1056 819; x_wconf 76' lang='grc' dir='ltr'><strong><em>ἄνωθεν</em></strong></span> <span class='ocrx_word' id='word_1_49' title='bbox 1067 774 1124 837; x_wconf 82' lang='grc' dir='ltr'><strong><em>φο-</em></strong></span> <span class='ocrx_word' id='word_1_50' title='bbox 1160 802 1166 815; x_wconf 91' lang='grc'><strong><em>.</em></strong></span> 
     </span>
     <span class='ocr_line' id='line_1_7' title="bbox 122 842 1168 935; baseline -0.003 -17"><span class='ocrx_word' id='word_1_51' title='bbox 122 848 263 935; x_wconf 77' lang='grc' dir='ltr'><strong><em>ρόμενος</em></strong></span> <span class='ocrx_word' id='word_1_52' title='bbox 285 851 318 928; x_wconf 86' lang='grc' dir='ltr'><strong><em>ἐς</em></strong></span> <span class='ocrx_word' id='word_1_53' title='bbox 338 847 376 917; x_wconf 88' lang='grc' dir='ltr'><strong><em>τδ</em></strong></span> <span class='ocrx_word' id='word_1_54' title='bbox 399 846 459 930; x_wconf 80' lang='grc' dir='ltr'><strong><em>όξῦ</em></strong></span> <span class='ocrx_word' id='word_1_55' title='bbox 486 855 549 917; x_wconf 92' lang='grc' dir='ltr'><strong><em>τοῦ</em></strong></span> <span class='ocrx_word' id='word_1_56' title='bbox 570 851 682 917; x_wconf 87' lang='grc' dir='ltr'><strong><em>Δέλτα</em></strong></span> <span class='ocrx_word' id='word_1_57' title='bbox 706 843 913 935; x_wconf 73' lang='grc' dir='ltr'><strong><em>ἀπικνέεται,</em></strong></span> <span class='ocrx_word' id='word_1_58' title='bbox 935 844 974 916; x_wconf 88' lang='grc' dir='ltr'><strong><em>τδ</em></strong></span> <span class='ocrx_word' id='word_1_59' title='bbox 1002 846 1040 917; x_wconf 73' lang='grc' dir='ltr'><strong><em>δδ</em></strong></span> <span class='ocrx_word' id='word_1_60' title='bbox 1064 842 1123 915; x_wconf 75' lang='grc' dir='ltr'><strong><em>ιἰτδ</em></strong></span> <span class='ocrx_word' id='word_1_61' title='bbox 1165 852 1168 865; x_wconf 89' lang='grc'><strong>“</strong></span> 
     </span>
     <span class='ocr_line' id='line_1_8' title="bbox 121 944 1125 1035; baseline -0.002 -18"><span class='ocrx_word' id='word_1_62' title='bbox 121 948 245 1018; x_wconf 89' lang='grc' dir='ltr'><strong><em>τούτου</em></strong></span> <span class='ocrx_word' id='word_1_63' title='bbox 258 953 377 1035; x_wconf 78' lang='grc' dir='ltr'><strong><em>σχίζων</em></strong></span> <span class='ocrx_word' id='word_1_64' title='bbox 391 950 495 1034; x_wconf 87' lang='grc' dir='ltr'><strong><em>μέσον</em></strong></span> <span class='ocrx_word' id='word_1_65' title='bbox 508 944 546 1016; x_wconf 87' lang='grc' dir='ltr'><strong><em>τδ</em></strong></span> <span class='ocrx_word' id='word_1_66' title='bbox 564 952 675 1017; x_wconf 86' lang='grc' dir='ltr'><strong><em>Δέλτα</em></strong></span> <span class='ocrx_word' id='word_1_67' title='bbox 690 949 723 1027; x_wconf 85' lang='grc' dir='ltr'><strong><em>ἐς</em></strong></span> <span class='ocrx_word' id='word_1_68' title='bbox 741 947 920 1016; x_wconf 81' lang='grc' dir='ltr'><strong><em>θάλασσαν</em></strong></span> <span class='ocrx_word' id='word_1_69' title='bbox 934 948 1031 1034; x_wconf 77' lang='grc' dir='ltr'><strong><em>ἐξίει,</em></strong></span> <span class='ocrx_word' id='word_1_70' title='bbox 1054 944 1125 1015; x_wconf 84' lang='grc' dir='ltr'><strong><em>οῦτε</em></strong></span> 
     </span>
     <span class='ocr_line' id='line_1_9' title="bbox 123 1042 1126 1134; baseline 0 -19"><span class='ocrx_word' id='word_1_71' title='bbox 123 1052 295 1133; x_wconf 77' lang='grc' dir='ltr'><strong><em>ἐλαχίστην</em></strong></span> <span class='ocrx_word' id='word_1_72' title='bbox 315 1059 438 1132; x_wconf 83' lang='grc' dir='ltr'><strong><em>μοῖραν</em></strong></span> <span class='ocrx_word' id='word_1_73' title='bbox 457 1053 520 1113; x_wconf 90' lang='grc' dir='ltr'><strong><em>τοῦ</em></strong></span> <span class='ocrx_word' id='word_1_74' title='bbox 541 1042 664 1125; x_wconf 86' lang='grc' dir='ltr'><strong><em>ῦδατος</em></strong></span> <span class='ocrx_word' id='word_1_75' title='bbox 683 1044 910 1134; x_wconf 76' lang='grc' dir='ltr'><strong><em>παρεχόμενος</em></strong></span> <span class='ocrx_word' id='word_1_76' title='bbox 926 1043 1034 1134; x_wconf 76' lang='grc' dir='ltr'><strong><em>ταύτῃ</em></strong></span> <span class='ocrx_word' id='word_1_77' title='bbox 1055 1042 1126 1115; x_wconf 88' lang='grc' dir='ltr'><strong><em>οῦτε</em></strong></span> 
     </span>
     <span class='ocr_line' id='line_1_10' title="bbox 122 1139 1125 1233; baseline 0.002 -21"><span class='ocrx_word' id='word_1_78' title='bbox 122 1143 240 1232; x_wconf 81' lang='grc' dir='ltr'><strong><em>ἥκιστα</em></strong></span> <span class='ocrx_word' id='word_1_79' title='bbox 261 1140 492 1231; x_wconf 80' lang='grc' dir='ltr'><strong><em>ούνομαστηυ,</em></strong></span> <span class='ocrx_word' id='word_1_80' title='bbox 515 1142 552 1212; x_wconf 87' lang='grc' dir='ltr'><strong><em>τδ</em></strong></span> <span class='ocrx_word' id='word_1_81' title='bbox 574 1145 726 1213; x_wconf 82' lang='grc' dir='ltr'><strong><em>καλέεται</em></strong></span> <span class='ocrx_word' id='word_1_82' title='bbox 740 1139 995 1232; x_wconf 82' lang='grc' dir='ltr'><strong><em>Σεβεννυτικόν</em></strong></span> <span class='ocrx_word' id='word_1_83' title='bbox 1015 1142 1125 1233; x_wconf 77' lang='grc' dir='ltr'><strong><em>στόμα</em></strong></span> 
     </span>
     <span class='ocr_line' id='line_1_11' title="bbox 122 1237 1127 1330; baseline 0.001 -20"><span class='ocrx_word' id='word_1_84' title='bbox 122 1248 191 1310; x_wconf 83' lang='grc' dir='ltr'><strong><em>ἔστι</em></strong></span> <span class='ocrx_word' id='word_1_85' title='bbox 214 1241 251 1308; x_wconf 72' lang='grc' dir='ltr'><strong><em>δὲ</em></strong></span> <span class='ocrx_word' id='word_1_86' title='bbox 271 1243 327 1307; x_wconf 84' lang='grc' dir='ltr'><strong><em>καλ</em></strong></span> <span class='ocrx_word' id='word_1_87' title='bbox 349 1243 444 1326; x_wconf 79' lang='grc' dir='ltr'><strong><em>ἕτερα</em></strong></span> <span class='ocrx_word' id='word_1_88' title='bbox 462 1241 602 1328; x_wconf 77' lang='grc' dir='ltr'><strong><em>διφάσια</em></strong></span> <span class='ocrx_word' id='word_1_89' title='bbox 617 1241 765 1329; x_wconf 89' lang='grc' dir='ltr'><strong><em>στόματα</em></strong></span> <span class='ocrx_word' id='word_1_90' title='bbox 786 1237 851 1310; x_wconf 80' lang='grc' dir='ltr'><strong><em>ἇπδ</em></strong></span> <span class='ocrx_word' id='word_1_91' title='bbox 873 1247 936 1309; x_wconf 90' lang='grc' dir='ltr'><strong><em>τοῦ</em></strong></span> <span class='ocrx_word' id='word_1_92' title='bbox 956 1249 1127 1330; x_wconf 82' lang='grc' dir='ltr'><strong><em>Σεβεννυ-</em></strong></span> 
     </span>
     <span class='ocr_line' id='line_1_12' title="bbox 122 1334 1126 1426; baseline 0.002 -20"><span class='ocrx_word' id='word_1_93' title='bbox 122 1344 217 1407; x_wconf 91' lang='grc' dir='ltr'><strong><em>τικοῦ</em></strong></span> <span class='ocrx_word' id='word_1_94' title='bbox 238 1335 504 1425; x_wconf 79' lang='grc' dir='ltr'><strong><em>ἀποσχισθέντα,</em></strong></span> <span class='ocrx_word' id='word_1_95' title='bbox 526 1341 674 1425; x_wconf 92' lang='grc' dir='ltr'><strong><em>φέροντα</em></strong></span> <span class='ocrx_word' id='word_1_96' title='bbox 696 1342 730 1418; x_wconf 89' lang='grc' dir='ltr'><strong><em>ἐς</em></strong></span> <span class='ocrx_word' id='word_1_97' title='bbox 749 1338 946 1426; x_wconf 76' lang='grc' dir='ltr'><strong><em>θάλασσαν,</em></strong></span> <span class='ocrx_word' id='word_1_98' title='bbox 967 1352 1058 1408; x_wconf 72' lang='grc' dir='ltr'><strong><em>τοῖσι</em></strong></span> <span class='ocrx_word' id='word_1_99' title='bbox 1072 1334 1126 1407; x_wconf 83' lang='grc' dir='ltr'><strong><em>ού-</em></strong></span> 
     </span>
     <span class='ocr_line' id='line_1_13' title="bbox 122 1434 1129 1529; baseline 0.003 -25"><span class='ocrx_word' id='word_1_100' title='bbox 122 1437 250 1522; x_wconf 92' lang='grc' dir='ltr'><strong><em>νόματα</em></strong></span> <span class='ocrx_word' id='word_1_101' title='bbox 270 1439 380 1502; x_wconf 85' lang='grc' dir='ltr'><strong><em>κέεται</em></strong></span> <span class='ocrx_word' id='word_1_102' title='bbox 407 1437 503 1523; x_wconf 79' lang='grc' dir='ltr'><strong><em>τάδε,</em></strong></span> <span class='ocrx_word' id='word_1_103' title='bbox 531 1444 578 1528; x_wconf 75' lang='grc' dir='ltr'><strong><em>τῷ</em></strong></span> <span class='ocrx_word' id='word_1_104' title='bbox 600 1436 663 1524; x_wconf 68' lang='grc' dir='ltr'><strong><em>μέν</em></strong></span> <span class='ocrx_word' id='word_1_105' title='bbox 682 1434 846 1507; x_wconf 76' lang='grc' dir='ltr'><strong><em>Σαιτικδν</em></strong></span> <span class='ocrx_word' id='word_1_106' title='bbox 867 1434 1000 1525; x_wconf 83' lang='grc' dir='ltr'><strong><em>αύτῦν,</em></strong></span> <span class='ocrx_word' id='word_1_107' title='bbox 1029 1445 1077 1529; x_wconf 75' lang='grc' dir='ltr'><strong><em>τῷ</em></strong></span> <span class='ocrx_word' id='word_1_108' title='bbox 1097 1440 1129 1507; x_wconf 80' lang='grc' dir='ltr'><strong><em>δδ</em></strong></span> 
     </span>
     <span class='ocr_line' id='line_1_14' title="bbox 122 1531 1129 1622; baseline 0.003 -20"><span class='ocrx_word' id='word_1_109' title='bbox 122 1531 329 1619; x_wconf 77' lang='grc' dir='ltr'><strong><em>Μενδήσιον.</em></strong></span> <span class='ocrx_word' id='word_1_110' title='bbox 370 1531 407 1600; x_wconf 83' lang='grc' dir='ltr'><strong><em>τὸ</em></strong></span> <span class='ocrx_word' id='word_1_111' title='bbox 430 1533 467 1602; x_wconf 71' lang='grc' dir='ltr'><strong><em>δὲ</em></strong></span> <span class='ocrx_word' id='word_1_112' title='bbox 486 1542 687 1622; x_wconf 83' lang='grc' dir='ltr'><strong><em>Βολβίτινον</em></strong></span> <span class='ocrx_word' id='word_1_113' title='bbox 707 1535 813 1622; x_wconf 91' lang='grc' dir='ltr'><strong><em>στόμα</em></strong></span> <span class='ocrx_word' id='word_1_114' title='bbox 836 1538 892 1603; x_wconf 79' lang='grc' dir='ltr'><strong><em>καὶ</em></strong></span> <span class='ocrx_word' id='word_1_115' title='bbox 912 1532 950 1605; x_wconf 82' lang='grc' dir='ltr'><strong><em>τὸ</em></strong></span> <span class='ocrx_word' id='word_1_116' title='bbox 966 1544 1129 1605; x_wconf 79' lang='grc' dir='ltr'><strong><em>Βουκολι-</em></strong></span> 
     </span>
     <span class='ocr_line' id='line_1_15' title="bbox 79 1627 1130 1725; baseline 0.004 -26"><span class='ocrx_word' id='word_1_117' title='bbox 79 1653 109 1706; x_wconf 75' lang='grc'><strong><em>18</em></strong></span> <span class='ocrx_word' id='word_1_118' title='bbox 124 1629 187 1700; x_wconf 87' lang='grc' dir='ltr'><strong><em>κόν</em></strong></span> <span class='ocrx_word' id='word_1_119' title='bbox 202 1627 265 1697; x_wconf 92' lang='grc' dir='ltr'><strong><em>ούκ</em></strong></span> <span class='ocrx_word' id='word_1_120' title='bbox 280 1635 440 1717; x_wconf 81' lang='grc' dir='ltr'><strong><em>ίθαγενέα</em></strong></span> <span class='ocrx_word' id='word_1_121' title='bbox 455 1632 603 1719; x_wconf 76' lang='grc' dir='ltr'><strong><em>στόματά</em></strong></span> <span class='ocrx_word' id='word_1_122' title='bbox 621 1636 700 1720; x_wconf 89' lang='grc' dir='ltr'><strong><em>ἐστι,</em></strong></span> <span class='ocrx_word' id='word_1_123' title='bbox 723 1630 799 1702; x_wconf 78' lang='grc' dir='ltr'><strong><em>ἄλλ’</em></strong></span> <span class='ocrx_word' id='word_1_124' title='bbox 816 1629 953 1722; x_wconf 76' lang='grc' dir='ltr'><strong><em>ὀρυκτοί.</em></strong></span> <span class='ocrx_word' id='word_1_125' title='bbox 988 1642 1130 1725; x_wconf 86' lang='grc' dir='ltr'><strong><em>Μαρτυ-</em></strong></span> 
     </span>
     <span class='ocr_line' id='line_1_16' title="bbox 124 1729 1131 1820; baseline 0.003 -24"><span class='ocrx_word' id='word_1_126' title='bbox 124 1731 191 1813; x_wconf 87' lang='grc' dir='ltr'><strong><em>ρέει</em></strong></span> <span class='ocrx_word' id='word_1_127' title='bbox 218 1729 259 1795; x_wconf 91' lang='grc' dir='ltr'><strong><em>δέ</em></strong></span> <span class='ocrx_word' id='word_1_128' title='bbox 280 1753 338 1814; x_wconf 94' lang='grc' dir='ltr'><strong><em>μοι</em></strong></span> <span class='ocrx_word' id='word_1_129' title='bbox 371 1736 411 1819; x_wconf 76' lang='grc' dir='ltr'><strong><em>τῇ</em></strong></span> <span class='ocrx_word' id='word_1_130' title='bbox 440 1729 576 1820; x_wconf 78' lang='grc' dir='ltr'><strong><em>μνύμη,</em></strong></span> <span class='ocrx_word' id='word_1_131' title='bbox 606 1729 658 1800; x_wconf 82' lang='grc' dir='ltr'><strong><em>ὅτι</em></strong></span> <span class='ocrx_word' id='word_1_132' title='bbox 685 1731 831 1817; x_wconf 81' lang='grc' dir='ltr'><strong><em>τοσαύτη</em></strong></span> <span class='ocrx_word' id='word_1_133' title='bbox 857 1733 925 1799; x_wconf 76' lang='grc' dir='ltr'><strong><em>ἐστὶ</em></strong></span> <span class='ocrx_word' id='word_1_134' title='bbox 949 1741 1131 1820; x_wconf 72' lang='grc' dir='ltr'><strong><em>Αἴγυπτος,</em></strong></span> 
     </span>
     <span class='ocr_line' id='line_1_17' title="bbox 124 1823 1133 1921; baseline 0.003 -27"><span class='ocrx_word' id='word_1_135' title='bbox 124 1826 207 1913; x_wconf 81' lang='grc' dir='ltr'><strong><em>ὅσην</em></strong></span> <span class='ocrx_word' id='word_1_136' title='bbox 225 1823 301 1892; x_wconf 80' lang='grc' dir='ltr'><strong><em>τινα</em></strong></span> <span class='ocrx_word' id='word_1_137' title='bbox 319 1823 383 1912; x_wconf 70' lang='grc' dir='ltr'><strong><em>ἐμοὶ</em></strong></span> <span class='ocrx_word' id='word_1_138' title='bbox 401 1825 622 1915; x_wconf 70' lang='grc' dir='ltr'><strong><em>ἀποδείκνυμι</em></strong></span> <span class='ocrx_word' id='word_1_139' title='bbox 639 1835 686 1921; x_wconf 77' lang='grc' dir='ltr'><strong><em>τῷ</em></strong></span> <span class='ocrx_word' id='word_1_140' title='bbox 702 1828 810 1920; x_wconf 80' lang='grc' dir='ltr'><strong><em>λόμφ,</em></strong></span> <span class='ocrx_word' id='word_1_141' title='bbox 832 1832 889 1897; x_wconf 79' lang='grc' dir='ltr'><strong><em>καί</em></strong></span> <span class='ocrx_word' id='word_1_142' title='bbox 902 1826 940 1899; x_wconf 82' lang='grc' dir='ltr'><strong><em>τὸ</em></strong></span> <span class='ocrx_word' id='word_1_143' title='bbox 955 1827 1133 1917; x_wconf 81' lang='grc' dir='ltr'><strong><em>Ἀμμωνος</em></strong></span> 
     </span>
     <span class='ocr_line' id='line_1_18' title="bbox 123 1924 1134 2016; baseline 0.006 -23"><span class='ocrx_word' id='word_1_144' title='bbox 123 1926 324 2013; x_wconf 83' lang='grc' dir='ltr'><strong><em>χρηστήριον</em></strong></span> <span class='ocrx_word' id='word_1_145' title='bbox 344 1926 547 2014; x_wconf 74' lang='grc' dir='ltr'><strong><em>γενόμενον,</em></strong></span> <span class='ocrx_word' id='word_1_146' title='bbox 573 1924 611 1995; x_wconf 91' lang='grc' dir='ltr'><strong><em>τδ</em></strong></span> <span class='ocrx_word' id='word_1_147' title='bbox 637 1924 701 2014; x_wconf 68' lang='grc' dir='ltr'><strong><em>ἐμοὶ</em></strong></span> <span class='ocrx_word' id='word_1_148' title='bbox 724 1934 784 2014; x_wconf 78' lang='grc' dir='ltr'><strong><em>τῆς</em></strong></span> <span class='ocrx_word' id='word_1_149' title='bbox 808 1929 979 2014; x_wconf 83' lang='grc' dir='ltr'><strong><em>ἐμεωυτοῦ</em></strong></span> <span class='ocrx_word' id='word_1_150' title='bbox 998 1926 1134 2016; x_wconf 77' lang='grc' dir='ltr'><strong><em>μνύμης</em></strong></span> 
     </span>
     <span class='ocr_line' id='line_1_19' title="bbox 124 2021 1134 2113; baseline 0.001 -21"><span class='ocrx_word' id='word_1_151' title='bbox 124 2024 267 2112; x_wconf 78' lang='grc' dir='ltr'><strong><em>ὕστερον</em></strong></span> <span class='ocrx_word' id='word_1_152' title='bbox 283 2026 359 2111; x_wconf 76' lang='grc' dir='ltr'><strong><em>περὶ</em></strong></span> <span class='ocrx_word' id='word_1_153' title='bbox 373 2033 549 2110; x_wconf 77' lang='grc' dir='ltr'><strong><em>Λίμυτττον</em></strong></span> <span class='ocrx_word' id='word_1_154' title='bbox 571 2024 759 2111; x_wconf 86' lang='grc' dir='ltr'><strong><em>ἐπυθόμην.</em></strong></span> <span class='ocrx_word' id='word_1_155' title='bbox 805 2029 840 2093; x_wconf 83' lang='grc' dir='ltr'><strong><em>οί</em></strong></span> <span class='ocrx_word' id='word_1_156' title='bbox 854 2022 920 2113; x_wconf 79' lang='grc' dir='ltr'><strong><em>χεὶρ</em></strong></span> <span class='ocrx_word' id='word_1_157' title='bbox 941 2021 984 2112; x_wconf 77' lang='grc' dir='ltr'><strong><em>δὴ</em></strong></span> <span class='ocrx_word' id='word_1_158' title='bbox 1003 2028 1042 2095; x_wconf 87' lang='grc' dir='ltr'><strong><em>ἐκ</em></strong></span> <span class='ocrx_word' id='word_1_159' title='bbox 1056 2032 1134 2093; x_wconf 88' lang='grc' dir='ltr'><strong><em>Μα-</em></strong></span> 
     </span>
     <span class='ocr_line' id='line_1_20' title="bbox 125 2120 1135 2215; baseline 0.003 -25"><span class='ocrx_word' id='word_1_160' title='bbox 125 2123 201 2206; x_wconf 82' lang='grc' dir='ltr'><strong><em>ρέης</em></strong></span> <span class='ocrx_word' id='word_1_161' title='bbox 217 2147 253 2188; x_wconf 87' lang='grc' dir='ltr'><strong><em>τε</em></strong></span> <span class='ocrx_word' id='word_1_162' title='bbox 270 2121 387 2200; x_wconf 88' lang='grc' dir='ltr'><strong><em>πόλιος</em></strong></span> <span class='ocrx_word' id='word_1_163' title='bbox 404 2120 581 2201; x_wconf 71' lang='grc' dir='ltr'><strong><em>ταδ”Λπιος</em></strong></span> <span class='ocrx_word' id='word_1_164' title='bbox 596 2126 762 2202; x_wconf 81' lang='grc' dir='ltr'><strong><em>οἰκέοντες</em></strong></span> <span class='ocrx_word' id='word_1_165' title='bbox 776 2124 955 2211; x_wconf 77' lang='grc' dir='ltr'><strong><em>Λίμύπτου</em></strong></span> <span class='ocrx_word' id='word_1_166' title='bbox 970 2122 1014 2193; x_wconf 77' lang='grc' dir='ltr'><strong><em>τὰ</em></strong></span> <span class='ocrx_word' id='word_1_167' title='bbox 1027 2123 1135 2215; x_wconf 85' lang='grc' dir='ltr'><strong><em>πρόσ-</em></strong></span> 
     </span>
     <span class='ocr_line' id='line_1_21' title="bbox 125 2219 1135 2313; baseline 0.004 -24"><span class='ocrx_word' id='word_1_168' title='bbox 125 2247 211 2308; x_wconf 92' lang='grc' dir='ltr'><strong><em>ουρα</em></strong></span> <span class='ocrx_word' id='word_1_169' title='bbox 224 2220 353 2309; x_wconf 88' lang='grc' dir='ltr'><strong><em>Λιβύη,</em></strong></span> <span class='ocrx_word' id='word_1_170' title='bbox 382 2219 482 2293; x_wconf 85' lang='grc' dir='ltr'><strong><em>αύτοί</em></strong></span> <span class='ocrx_word' id='word_1_171' title='bbox 498 2250 533 2293; x_wconf 90' lang='grc' dir='ltr'><strong><em>τε</em></strong></span> <span class='ocrx_word' id='word_1_172' title='bbox 557 2228 731 2304; x_wconf 88' lang='grc' dir='ltr'><strong><em>δοκέοντες</em></strong></span> <span class='ocrx_word' id='word_1_173' title='bbox 752 2222 838 2292; x_wconf 79' lang='grc' dir='ltr'><strong><em>εἶναι</em></strong></span> <span class='ocrx_word' id='word_1_174' title='bbox 851 2232 976 2313; x_wconf 79' lang='grc' dir='ltr'><strong><em>Λίβυες</em></strong></span> <span class='ocrx_word' id='word_1_175' title='bbox 996 2226 1055 2293; x_wconf 79' lang='grc' dir='ltr'><strong><em>καὶ</em></strong></span> <span class='ocrx_word' id='word_1_176' title='bbox 1074 2219 1135 2293; x_wconf 85' lang='grc' dir='ltr'><strong><em>ούιι</em></strong></span> 
     </span>
     <span class='ocr_line' id='line_1_22' title="bbox 124 2318 1133 2412; baseline 0.003 -23"><span class='ocrx_word' id='word_1_177' title='bbox 124 2319 323 2406; x_wconf 76' lang='grc' dir='ltr'><strong><em>Αίγύπτιον,</em></strong></span> <span class='ocrx_word' id='word_1_178' title='bbox 354 2324 410 2389; x_wconf 79' lang='grc' dir='ltr'><strong><em>καὶ</em></strong></span> <span class='ocrx_word' id='word_1_179' title='bbox 435 2318 621 2408; x_wconf 76' lang='grc' dir='ltr'><strong><em>ἀχθόμενοι</em></strong></span> <span class='ocrx_word' id='word_1_180' title='bbox 646 2329 687 2411; x_wconf 80' lang='grc' dir='ltr'><strong><em>τῇ</em></strong></span> <span class='ocrx_word' id='word_1_181' title='bbox 714 2321 851 2408; x_wconf 77' lang='grc' dir='ltr'><strong><em>περὶτὰ</em></strong></span> <span class='ocrx_word' id='word_1_182' title='bbox 874 2320 931 2412; x_wconf 80' lang='grc' dir='ltr'><strong><em>ίρᾶ</em></strong></span> <span class='ocrx_word' id='word_1_183' title='bbox 952 2328 1133 2411; x_wconf 83' lang='grc' dir='ltr'><strong><em>θρησκηίη,</em></strong></span> 
     </span>
     <span class='ocr_line' id='line_1_23' title="bbox 124 2418 1136 2510; baseline 0 -22"><span class='ocrx_word' id='word_1_184' title='bbox 124 2419 328 2509; x_wconf 86' lang='grc' dir='ltr'><strong><em>βουλόμενοι</em></strong></span> <span class='ocrx_word' id='word_1_185' title='bbox 355 2422 492 2506; x_wconf 83' lang='grc' dir='ltr'><strong><em>θηλέων</em></strong></span> <span class='ocrx_word' id='word_1_186' title='bbox 518 2427 610 2509; x_wconf 84' lang='grc' dir='ltr'><strong><em>βοῦν</em></strong></span> <span class='ocrx_word' id='word_1_187' title='bbox 636 2418 681 2508; x_wconf 82' lang='grc' dir='ltr'><strong><em>μη</em></strong></span> <span class='ocrx_word' id='word_1_188' title='bbox 715 2427 891 2510; x_wconf 78' lang='grc' dir='ltr'><strong><em>ἔρχεσθαι,</em></strong></span> <span class='ocrx_word' id='word_1_189' title='bbox 924 2426 1082 2508; x_wconf 72' lang='grc' dir='ltr'><strong><em>ἔπεμψαν</em></strong></span> <span class='ocrx_word' id='word_1_190' title='bbox 1103 2420 1136 2499; x_wconf 83' lang='grc' dir='ltr'><strong><em>ές</em></strong></span> 
     </span>
     <span class='ocr_line' id='line_1_24' title="bbox 116 2516 1136 2606; baseline -0.001 -19"><span class='ocrx_word' id='word_1_191' title='bbox 116 2518 277 2606; x_wconf 78' lang='grc' dir='ltr'><strong><em>’Ἄμμωνα</em></strong></span> <span class='ocrx_word' id='word_1_192' title='bbox 300 2517 447 2605; x_wconf 80' lang='grc' dir='ltr'><strong><em>φάμενοι</em></strong></span> <span class='ocrx_word' id='word_1_193' title='bbox 468 2516 569 2587; x_wconf 76' lang='grc' dir='ltr'><strong><em>ούδέν</em></strong></span> <span class='ocrx_word' id='word_1_194' title='bbox 589 2526 685 2606; x_wconf 88' lang='grc' dir='ltr'><strong><em>σφίσι</em></strong></span> <span class='ocrx_word' id='word_1_195' title='bbox 705 2545 742 2587; x_wconf 89' lang='grc' dir='ltr'><strong><em>τε</em></strong></span> <span class='ocrx_word' id='word_1_196' title='bbox 761 2521 818 2587; x_wconf 78' lang='grc' dir='ltr'><strong><em>καὶ</em></strong></span> <span class='ocrx_word' id='word_1_197' title='bbox 832 2524 1050 2605; x_wconf 82' lang='grc' dir='ltr'><strong><em>Λίγυπτίοισι</em></strong></span> <span class='ocrx_word' id='word_1_198' title='bbox 1065 2542 1136 2587; x_wconf 88' lang='grc' dir='ltr'><strong><em>κοι-</em></strong></span> 
     </span>
     <span class='ocr_line' id='line_1_25' title="bbox 125 2611 1135 2705; baseline 0 -21"><span class='ocrx_word' id='word_1_199' title='bbox 125 2615 190 2686; x_wconf 87' lang='grc' dir='ltr'><strong><em>υδν</em></strong></span> <span class='ocrx_word' id='word_1_200' title='bbox 205 2617 307 2684; x_wconf 76' lang='grc' dir='ltr'><strong><em>εἶναι·</em></strong></span> <span class='ocrx_word' id='word_1_201' title='bbox 337 2619 460 2685; x_wconf 83' lang='grc' dir='ltr'><strong><em>οίκέειν</em></strong></span> <span class='ocrx_word' id='word_1_202' title='bbox 472 2642 509 2684; x_wconf 92' lang='grc' dir='ltr'><strong><em>τε</em></strong></span> <span class='ocrx_word' id='word_1_203' title='bbox 522 2614 588 2705; x_wconf 74' lang='grc' dir='ltr'><strong><em>γὰρ</em></strong></span> <span class='ocrx_word' id='word_1_204' title='bbox 606 2621 669 2697; x_wconf 81' lang='grc' dir='ltr'><strong><em>ἐξω</em></strong></span> <span class='ocrx_word' id='word_1_205' title='bbox 689 2624 751 2686; x_wconf 91' lang='grc' dir='ltr'><strong><em>τοῦ</em></strong></span> <span class='ocrx_word' id='word_1_206' title='bbox 768 2620 880 2686; x_wconf 87' lang='grc' dir='ltr'><strong><em>Δέλτα</em></strong></span> <span class='ocrx_word' id='word_1_207' title='bbox 894 2617 952 2683; x_wconf 79' lang='grc' dir='ltr'><strong><em>καί</em></strong></span> <span class='ocrx_word' id='word_1_208' title='bbox 971 2611 1036 2683; x_wconf 84' lang='grc' dir='ltr'><strong><em>ούκ</em></strong></span> <span class='ocrx_word' id='word_1_209' title='bbox 1055 2612 1135 2702; x_wconf 85' lang='grc' dir='ltr'><strong><em>ὁμο-</em></strong></span> 
     </span>
     <span class='ocr_line' id='line_1_26' title="bbox 126 2712 1136 2802; baseline -0.004 -19"><span class='ocrx_word' id='word_1_210' title='bbox 126 2714 258 2801; x_wconf 75' lang='grc' dir='ltr'><strong><em>λογέειν</em></strong></span> <span class='ocrx_word' id='word_1_211' title='bbox 283 2712 431 2801; x_wconf 78' lang='grc' dir='ltr'><strong><em>αύτοϊσι,</em></strong></span> <span class='ocrx_word' id='word_1_212' title='bbox 459 2715 651 2802; x_wconf 87' lang='grc' dir='ltr'><strong><em>βούλεσθαί</em></strong></span> <span class='ocrx_word' id='word_1_213' title='bbox 670 2741 707 2783; x_wconf 89' lang='grc' dir='ltr'><strong><em>τε</em></strong></span> <span class='ocrx_word' id='word_1_214' title='bbox 731 2714 870 2783; x_wconf 83' lang='grc' dir='ltr'><strong><em>πόντων</em></strong></span> <span class='ocrx_word' id='word_1_215' title='bbox 894 2719 991 2800; x_wconf 87' lang='grc' dir='ltr'><strong><em>σφίσι</em></strong></span> <span class='ocrx_word' id='word_1_216' title='bbox 1015 2715 1136 2793; x_wconf 76' lang='grc' dir='ltr'><strong><em>ἐξεῖναι</em></strong></span> 
     </span>
     <span class='ocr_line' id='line_1_27' title="bbox 125 2805 1136 2898; baseline -0.004 -19"><span class='ocrx_word' id='word_1_217' title='bbox 125 2811 298 2896; x_wconf 77' lang='grc' dir='ltr'><strong><em>γεύεσθαι.</em></strong></span> <span class='ocrx_word' id='word_1_218' title='bbox 330 2808 348 2880; x_wconf 88' lang='grc' dir='ltr'>ὁ</span> <span class='ocrx_word' id='word_1_219' title='bbox 367 2810 403 2880; x_wconf 73' lang='grc' dir='ltr'><strong><em>δὲ</em></strong></span> <span class='ocrx_word' id='word_1_220' title='bbox 419 2810 502 2890; x_wconf 88' lang='grc' dir='ltr'><strong><em>θεός</em></strong></span> <span class='ocrx_word' id='word_1_221' title='bbox 519 2830 625 2898; x_wconf 90' lang='grc' dir='ltr'><strong><em>σφεας</em></strong></span> <span class='ocrx_word' id='word_1_222' title='bbox 642 2809 705 2880; x_wconf 89' lang='grc' dir='ltr'><strong><em>ούκ</em></strong></span> <span class='ocrx_word' id='word_1_223' title='bbox 722 2817 761 2880; x_wconf 86' lang='grc' dir='ltr'><strong><em>ἐα</em></strong></span> <span class='ocrx_word' id='word_1_224' title='bbox 775 2815 903 2880; x_wconf 89' lang='grc' dir='ltr'><strong><em>ποιέειν</em></strong></span> <span class='ocrx_word' id='word_1_225' title='bbox 916 2816 1042 2897; x_wconf 87' lang='grc' dir='ltr'><strong><em>ταῦτα,</em></strong></span> <span class='ocrx_word' id='word_1_226' title='bbox 1064 2805 1136 2896; x_wconf 84' lang='grc' dir='ltr'><strong><em>Ιφδις</em></strong></span> 
     </span>
     <span class='ocr_line' id='line_1_28' title="bbox 125 2903 1136 2997; baseline -0.005 -20"><span class='ocrx_word' id='word_1_227' title='bbox 125 2917 302 2996; x_wconf 81' lang='grc' dir='ltr'><strong><em>Λίγυπτον</em></strong></span> <span class='ocrx_word' id='word_1_228' title='bbox 317 2907 402 2976; x_wconf 81' lang='grc' dir='ltr'><strong><em>εἶναι</em></strong></span> <span class='ocrx_word' id='word_1_229' title='bbox 415 2908 553 2997; x_wconf 90' lang='grc' dir='ltr'><strong><em>ταύτην,</em></strong></span> <span class='ocrx_word' id='word_1_230' title='bbox 575 2906 637 2996; x_wconf 78' lang='grc' dir='ltr'><strong><em>τὴν</em></strong></span> <span class='ocrx_word' id='word_1_231' title='bbox 652 2905 670 2976; x_wconf 86' lang='grc' dir='ltr'>ὁ</span> <span class='ocrx_word' id='word_1_232' title='bbox 688 2916 811 2986; x_wconf 79' lang='grc' dir='ltr'><strong><em>Νεῖλος</em></strong></span> <span class='ocrx_word' id='word_1_233' title='bbox 826 2903 931 2994; x_wconf 71' lang='grc' dir='ltr'><strong><em>ἐπιόν</em></strong></span> <span class='ocrx_word' id='word_1_234' title='bbox 945 2905 1061 2997; x_wconf 83' lang='grc' dir='ltr'><strong><em>ῦρδει,</em></strong></span> <span class='ocrx_word' id='word_1_235' title='bbox 1083 2908 1136 2975; x_wconf 76' lang='grc' dir='ltr'><strong><em>καὶ</em></strong></span> 
     </span>
     <span class='ocr_line' id='line_1_29' title="bbox 126 3002 1136 3095; baseline -0.003 -21"><span class='ocrx_word' id='word_1_236' title='bbox 126 3013 333 3093; x_wconf 78' lang='grc' dir='ltr'><strong><em>Αίηυπτίους</em></strong></span> <span class='ocrx_word' id='word_1_237' title='bbox 348 3004 434 3083; x_wconf 77' lang='grc' dir='ltr'><strong><em>εἶναι</em></strong></span> <span class='ocrx_word' id='word_1_238' title='bbox 450 3006 608 3094; x_wconf 89' lang='grc' dir='ltr'><strong><em>τούτους,</em></strong></span> <span class='ocrx_word' id='word_1_239' title='bbox 631 3013 667 3074; x_wconf 76' lang='grc' dir='ltr'><strong><em>οἳ</em></strong></span> <span class='ocrx_word' id='word_1_240' title='bbox 684 3011 806 3095; x_wconf 78' lang='grc' dir='ltr'><strong><em>ἔνερθε</em></strong></span> <span class='ocrx_word' id='word_1_241' title='bbox 823 3002 1061 3092; x_wconf 81' lang='grc' dir='ltr'><strong><em>Ἐλεφαντίνης</em></strong></span> <span class='ocrx_word' id='word_1_242' title='bbox 1074 3002 1136 3072; x_wconf 88' lang='grc' dir='ltr'><strong><em>πό-</em></strong></span> 
     </span>
     <span class='ocr_line' id='line_1_30' title="bbox 127 3100 1135 3189; baseline -0.002 -17"><span class='ocrx_word' id='word_1_243' title='bbox 127 3111 199 3181; x_wconf 91' lang='grc' dir='ltr'><strong><em>λιος</em></strong></span> <span class='ocrx_word' id='word_1_244' title='bbox 214 3107 379 3182; x_wconf 78' lang='grc' dir='ltr'><strong><em>οἰκέοντες</em></strong></span> <span class='ocrx_word' id='word_1_245' title='bbox 393 3100 458 3172; x_wconf 85' lang='grc' dir='ltr'><strong><em>ἆτιδ</em></strong></span> <span class='ocrx_word' id='word_1_246' title='bbox 475 3111 537 3172; x_wconf 90' lang='grc' dir='ltr'><strong><em>τοῦ</em></strong></span> <span class='ocrx_word' id='word_1_247' title='bbox 552 3110 706 3189; x_wconf 86' lang='grc' dir='ltr'><strong><em>ποταμοῦ</em></strong></span> <span class='ocrx_word' id='word_1_248' title='bbox 720 3102 845 3172; x_wconf 92' lang='grc' dir='ltr'><strong><em>τούτου</em></strong></span> <span class='ocrx_word' id='word_1_249' title='bbox 860 3109 1009 3172; x_wconf 88' lang='grc' dir='ltr'><strong><em>πίνουσι.</em></strong></span> <span class='ocrx_word' id='word_1_250' title='bbox 1046 3100 1135 3173; x_wconf 88' lang='grc' dir='ltr'><strong><em>οῦτο</em></strong></span> 
     </span>
     <span class='ocr_line' id='line_1_31' title="bbox 74 3197 1136 3289; baseline 0.003 -23"><span class='ocrx_word' id='word_1_251' title='bbox 74 3222 109 3278; x_wconf 85' lang='lat'><strong><em>19</em></strong></span> <span class='ocrx_word' id='word_1_252' title='bbox 129 3219 191 3286; x_wconf 90' lang='grc' dir='ltr'><strong><em>σφι</em></strong></span> <span class='ocrx_word' id='word_1_253' title='bbox 215 3206 319 3267; x_wconf 91' lang='grc' dir='ltr'><strong><em>ταῦτα</em></strong></span> <span class='ocrx_word' id='word_1_254' title='bbox 344 3199 500 3289; x_wconf 78' lang='grc' dir='ltr'><strong><em>ἐχρήσθη.</em></strong></span> <span class='ocrx_word' id='word_1_255' title='bbox 540 3197 728 3288; x_wconf 80' lang='grc' dir='ltr'><strong><em>Ἐπέρχεται</em></strong></span> <span class='ocrx_word' id='word_1_256' title='bbox 757 3200 793 3268; x_wconf 70' lang='grc' dir='ltr'><strong><em>δὲ</em></strong></span> <span class='ocrx_word' id='word_1_257' title='bbox 821 3197 1004 3288; x_wconf 80' lang='grc' dir='ltr'><strong><em>ὁΝελλος,</em></strong></span> <span class='ocrx_word' id='word_1_258' title='bbox 1033 3197 1136 3269; x_wconf 75' lang='grc' dir='ltr'><strong><em>ἐπεὰν</em></strong></span> 
     </span>
     <span class='ocr_line' id='line_1_32' title="bbox 127 3295 1134 3386; baseline 0.001 -22"><span class='ocrx_word' id='word_1_259' title='bbox 127 3295 284 3385; x_wconf 87' lang='grc' dir='ltr'><strong><em>πληθύη,</em></strong></span> <span class='ocrx_word' id='word_1_260' title='bbox 312 3296 354 3365; x_wconf 90' lang='grc' dir='ltr'><strong><em>ού</em></strong></span> <span class='ocrx_word' id='word_1_261' title='bbox 375 3306 506 3386; x_wconf 91' lang='grc' dir='ltr'><strong><em>μοῦνον</em></strong></span> <span class='ocrx_word' id='word_1_262' title='bbox 527 3295 564 3365; x_wconf 90' lang='grc' dir='ltr'><strong><em>τδ</em></strong></span> <span class='ocrx_word' id='word_1_263' title='bbox 580 3300 709 3386; x_wconf 89' lang='grc' dir='ltr'><strong><em>Δέλτα,</em></strong></span> <span class='ocrx_word' id='word_1_264' title='bbox 737 3295 821 3367; x_wconf 76' lang='grc' dir='ltr'><strong><em>ἀλλὰ</em></strong></span> <span class='ocrx_word' id='word_1_265' title='bbox 837 3300 893 3367; x_wconf 77' lang='grc' dir='ltr'><strong><em>καὶ</em></strong></span> <span class='ocrx_word' id='word_1_266' title='bbox 905 3303 969 3366; x_wconf 89' lang='grc' dir='ltr'><strong><em>τοῦ</em></strong></span> <span class='ocrx_word' id='word_1_267' title='bbox 980 3303 1134 3386; x_wconf 77' lang='grc' dir='ltr'><strong><em>Λιβυκοῦ</em></strong></span> 
     </span>
     <span class='ocr_line' id='line_1_33' title="bbox 127 3395 1134 3487; baseline 0.003 -23"><span class='ocrx_word' id='word_1_268' title='bbox 127 3423 163 3464; x_wconf 86' lang='grc' dir='ltr'><strong><em>τε</em></strong></span> <span class='ocrx_word' id='word_1_269' title='bbox 177 3401 361 3483; x_wconf 79' lang='grc' dir='ltr'><strong><em>λεγομένου</em></strong></span> <span class='ocrx_word' id='word_1_270' title='bbox 382 3399 496 3485; x_wconf 81' lang='grc' dir='ltr'><strong><em>χτόρου</em></strong></span> <span class='ocrx_word' id='word_1_271' title='bbox 512 3395 597 3466; x_wconf 71' lang='grc' dir='ltr'><strong><em>εἶναι</em></strong></span> <span class='ocrx_word' id='word_1_272' title='bbox 617 3402 673 3467; x_wconf 78' lang='grc' dir='ltr'><strong><em>καί</em></strong></span> <span class='ocrx_word' id='word_1_273' title='bbox 693 3405 755 3467; x_wconf 90' lang='grc' dir='ltr'><strong><em>τοῦ</em></strong></span> <span class='ocrx_word' id='word_1_274' title='bbox 771 3396 930 3486; x_wconf 91' lang='grc' dir='ltr'><strong><em>’Λραβίου</em></strong></span> <span class='ocrx_word' id='word_1_275' title='bbox 950 3399 1067 3487; x_wconf 79' lang='grc' dir='ltr'><strong><em>ἐνιαχῇ</em></strong></span> <span class='ocrx_word' id='word_1_276' title='bbox 1081 3399 1134 3467; x_wconf 74' lang='grc' dir='ltr'><strong><em>καὶ</em></strong></span> 
     </span>
    </p>
   </div>
   <div class='ocr_carea' id='block_1_3' title="bbox 0 0 1197 3840">
    <p class='ocr_par' dir='ltr' id='par_1_3' title="bbox 0 0 1197 3840">
     <span class='ocr_line' id='line_1_34' title="bbox 0 0 1197 3840; baseline 0 0"><span class='ocrx_word' id='word_1_277' title='bbox 0 0 1197 3840; x_wconf 95' lang='lat' dir='ltr'><strong><em> </em></strong></span> 
     </span>
    </p>
   </div>
  </div>
 </body>
</html>
