2354 3840
136 191 200 254 34⁶
511 191 764 250 HERODOTI

137 353 194 431 τός
209 378 245 420 τε
259 358 321 420 τοῦ
334 355 473 437 Πέρσεω
489 349 644 428 ἐπιόντας
659 351 805 416 διόκειτ.
829 347 915 439 αύτη
929 356 993 439 μέν
1009 372 1073 438 σφι
1087 358 1143 438 μία

137 445 182 537 ἦν
202 464 303 538 μοῖρα
323 458 380 538 τῆς
402 455 591 536 βασιληίης,
612 450 796 534 τεταγμένη
817 449 944 536 ταύτην
961 447 1026 537 τὴν
1050 445 1141 533 ὁδόν,

138 545 223 632 ἥπερ
254 556 390 633 εἴρηται.
413 545 471 626 τὰς
486 547 523 614 δέ
538 546 601 614 δύο
611 551 680 612 τῶν
689 551 890 633 βασιληίων,
904 547 969 634 τήν
984 573 1022 615 τε
1040 547 1140 634 W·

136 660 217 733 λην,
239 654 297 734 τῆς
310 641 391 735 ἦρχε
405 644 638 731 Ἰδάνθυρσος,
661 645 716 711 καί
730 640 794 729 τὴν
804 650 936 732 τρίτην,
956 651 1018 733 τῆς
1031 645 1140 732 ἐβασί-

136 753 213 813 λευε
233 744 391 830 Τάξακις,
414 740 649 821 συνελθούσας
667 745 701 822 ἐς
720 737 829 810 τύυτό
847 746 903 812 καλ
918 746 1089 814 Γελωνόν
1108 767 1140 809 τε

136 847 191 911 καί
204 847 380 911 Βουδίνων
393 841 690 928 προσγενομένων,
710 836 836 927 ἡμέρης
851 845 906 910 καί
915 843 1062 922 τούτους
1074 839 1138 931 ὁδῷ

136 943 337 1027 προέχοντας
355 949 424 1008 τῶν
444 942 605 1030 Περσέων
627 938 825 1027 ὑπεξάγειν,
848 939 1012 1020 ὑπιόντας
1027 961 1065 1008 τε
1089 941 1138 1008 καί

135 1047 313 1118 ποιεῦντας
331 1038 372 1107 τά
397 1044 655 1129 βεβουλευμένα.
691 1046 806 1126 πρῶτα
827 1044 889 1127 μέν
908 1063 975 1108 νυν
995 1039 1138 1128 ὑπάγειν

134 1142 238 1227 σφέας
252 1136 314 1208 ίθὺ
330 1146 398 1207 τῶν
411 1144 548 1226 χωρέων
562 1145 631 1207 τῶν
644 1137 883 1226 ἀπειπαμένων
896 1138 960 1230 τὴν
973 1145 1138 1229 σφετέρην

134 1245 339 1326 συμμαχίην,
362 1242 495 1306 ἵνακαί
521 1240 662 1318 τούτους
685 1239 956 1326 ἐκπολεμώσωσι,
980 1245 1010 1308 εί
1037 1240 1076 1308 δέ
1097 1236 1137 1324 μὴ

134 1339 265 1417 ἑκόντες
287 1365 326 1424 γε
351 1335 524 1407 ὑπέδυσαν
549 1337 610 1408 τόν
635 1340 784 1426 πόλεμον
807 1339 867 1408 τόν
891 1338 977 1428 πρὸς
997 1344 1138 1428 Πέρσας,

133 1432 206 1504 ἀλλ’
223 1432 383 1515 ἀέκοντας
394 1438 638 1524 ἐκπολεμῶσαι,
650 1435 731 1523 μετά
748 1437 785 1506 δέ
800 1444 899 1506 τοῦτο
914 1434 1138 1525 ὑποστρέφειν

134 1538 166 1614 ἐς
183 1533 245 1620 τὴν
261 1541 426 1624 σφετέρην
442 1543 497 1607 καί
512 1540 722 1626 ἐπιχειρέειν,
743 1534 788 1625 ἢν
806 1537 846 1626 δὴ
861 1542 1136 1628 βουλευομένοισι

69 1651 112 1701 1ν1
132 1636 240 1722 δοκέη.
290 1640 402 1702 Ταῦτα
426 1639 461 1704 οί
478 1637 617 1705 Σκύθαι
642 1639 910 1724 βουλευσόμενοι
934 1635 1137 1726 ὑπηντίαζον

131 1728 194 1818 τὴν
208 1739 358 1818 Δαρείου
375 1731 550 1821 στρατιὴν,
572 1736 787 1823 προδρόμους
802 1733 1062 1817 ἀποστείλαντες
1074 1743 1137 1804 τῶν

132 1832 260 1897 ίππέων
275 1827 354 1909 τοὺς
368 1828 533 1916 ἀρίστους.
557 1830 616 1910 τὺς
631 1835 667 1900 δὲ
681 1829 819 1920 ἁμάξας,
834 1836 872 1900 ἐν
886 1839 965 1923 τῇσί
975 1853 1040 1920 σφι
1054 1836 1137 1901 διαι·

132 1936 209 1997 τᾶτο
233 1928 273 1996 τά
294 1933 394 1998 τέκνα
411 1957 446 1999 τε
467 1935 522 2001 καλ
543 1937 580 2001 αί
598 1943 755 2016 γυναῖκες
775 1936 896 2018 πᾶσαι,
917 1934 973 2001 παλ
989 1930 1032 2000 τά
1055 1932 1135 2016 πρό-

128 2034 230 2116 βατα,
261 2027 348 2115 πλὴν
370 2027 433 2096 ὅσα
458 2050 517 2115 σφι
548 2031 582 2107 ἐς
607 2026 738 2116 φορβὴν
769 2028 868 2095 ίκανά
898 2029 960 2112 ἦν,
990 2026 1135 2092 τοσαῦτα

39 2179 42 2184 ·
128 2126 366 2212 ὑπολιπόμενοι
380 2126 419 2194 τά
438 2127 523 2196 ἄλλα
541 2125 609 2215 ἅμα
633 2134 710 2216 τῇσι
734 2122 878 2215 ἀμάξῃσι
901 2125 1132 2211 προέπεμψαν,

61 2246 109 2296 122
128 2226 347 2314 ἐντειλάμενοι
376 2227 442 2294 αίεὺ
472 2224 508 2294 τό
543 2225 627 2315 πρός
661 2228 769 2316 βορέω
800 2225 965 2295 ἐλαύνειν.
1026 2229 1134 2294 Ταύτα

129 2328 191 2414 μέν
208 2321 248 2413 δὴ
264 2333 514 2414 προεκομίζετο,
530 2335 599 2393 τῶν
613 2329 650 2395 δὲ
660 2327 830 2394 Σκυθέων
843 2328 877 2392 οί
888 2325 1077 2412 πρόδρομοι
1092 2320 1132 2400 ὡς
1167 2378 1173 2397 .

131 2418 233 2513 εὑρου
247 2424 326 2504 τούς
336 2428 469 2513 Πέρσας
481 2423 563 2494 ὅσον
573 2451 609 2493 τε
620 2431 725 2512 τριῶν
734 2422 888 2512 ἡμερέων
899 2420 982 2513 ὑδὸν
993 2420 1132 2508 ἀπέχον-

129 2550 186 2601 τας
202 2519 267 2590 ἀπό
291 2529 351 2589 τοῦ
362 2521 513 2609 Ἴστρου,
536 2515 630 2591 οὑτοι
644 2521 706 2609 μὲν
720 2521 860 2599 τούτους
883 2514 1041 2608 εὑρόντες
1055 2517 1131 2607 ἡμέ·

130 2647 189 2707 ρης
209 2617 278 2710 ὁδῷ
300 2623 496 2707 προέχοντες
520 2620 858 2709 ἐστρατοπεδεύοντο,
879 2615 921 2686 τά
942 2619 979 2686 ἐκ
997 2623 1056 2704 τῆς
1076 2621 1131 2702 γῆς

130 2717 285 2804 φυόμενα
300 2725 496 2797 λεαίνοντες.
521 2721 554 2786 οί
568 2715 604 2785 δέ
614 2720 742 2805 Πέρσαι
755 2714 800 2796 ὡς
812 2714 903 2784 είδον
914 2717 1130 2801 ἐπιφανείσαν

129 2821 196 2882 τόν
221 2817 389 2884 Σκυθέων
412 2813 475 2902 τὴν
501 2818 622 2901 ἵππον,
652 2815 793 2902 ἐπήισαν
818 2810 902 2880 κατά
930 2816 1048 2898 στίβον
1072 2809 1131 2876 αίεί

129 2914 339 3000 ὑπαγόντων.
372 2917 427 2983 καὶ
447 2920 576 2983 ἔπειτεν
597 2913 696 3002 (πρὸς
715 2911 780 3001 γάρ
797 2910 860 2998 τὴν
880 2918 962 2997 μίαν
975 2916 1045 2977 τῶν
1059 2934 1132 2995 μοι-

128 3005 216 3102 ρέων
239 3015 382 3098 ίθνσαν)
407 3017 441 3080 οί
458 3015 584 3099 Πέρσαι
606 3013 747 3079 ἐδίωκον
760 3007 845 3097 πρός
868 3007 918 3096 ἠῶ
937 3032 973 3075 τε
998 3008 1131 3074 καὶτοῦ

132 3110 305 3191 Τανάιδος.
330 3111 521 3199 διαβάντων
543 3110 579 3179 δέ
600 3109 732 3179 τούτων
752 3108 813 3177 τόν
831 3110 960 3190 Τάναιν
982 3102 1133 3193 ποταμόν

128 3216 163 3280 οί
170 3213 297 3296 Πέρσαι
313 3210 543 3298 ἐπιδιαβάντες
558 3211 715 3296 ἐδίωκον,
731 3211 764 3287 ἐς
775 3205 794 3276 δ’
804 3212 873 3276 τῶν
884 3207 1133 3294 Σαυροματέων

127 3308 190 3398 τὴν
201 3311 316 3398 χόρην
327 3309 556 3392 διεξελθόντες
569 3305 729 3377 ἀπίκοντο
744 3312 779 3386 ἐς
791 3305 856 3395 τὴν
867 3311 934 3374 τῶν
944 3308 1133 3374 Βουδίνων.

63 3424 112 3478 12³
119 3407 221 3478 Ὅσον
238 3410 300 3494 μὲν
316 3407 356 3496 δὴ
370 3409 497 3497 χρόνον
512 3413 546 3477 οί
556 3411 683 3495 Πέρσαι
697 3406 797 3494 ἤισαν
812 3404 866 3473 διά
883 3410 940 3492 τῆς
956 3407 1135 3491 Σκυθικῆς
