2354 3840
121 196 183 260 154
507 201 757 260 HERODOTI

121 357 299 447 Αἰγύπτιοι
322 358 403 445 μετὰ
429 365 557 446 Λίβυας
582 357 797 446 ὑγιηρότατοι
822 359 969 429 πάντων
986 359 1117 448 ἀνδρό-

119 481 210 542 πων,
239 463 307 524 τῶν
328 454 443 543 ὡρέων
464 460 536 542 ἐμοί
557 460 687 524 δοκέειν
708 460 853 545 εἵνεκεν,
881 459 934 528 ὅτι
948 458 993 529 ού
1007 468 1116 548 μεταλ-

118 555 281 623 λάσσουσι
305 559 341 620 αἱ
360 546 452 639 ὧραι.
498 555 535 620 έν
558 551 623 638 γὰρ
647 560 722 642 τῇσι
742 562 945 643 μεταβολῇσι
960 572 1049 625 τοῖσι
1062 554 1115 625 ἀν-

117 650 287 738 θρώποισι
307 655 344 717 αί
360 655 480 716 νοῦσοι
499 649 642 734 μάλιστα
661 657 828 736 γίνονται,
856 658 927 719 τῶν
950 679 988 721 τε
1014 652 1114 723 ἄλλων

117 750 255 818 πάντων
269 750 324 816 καὶ
339 745 379 832 δὴ
400 750 537 814 καὶτῶν
553 744 668 832 ὡρέων
682 748 833 833 μάλιστα.
873 745 1112 836 ἀρτοφαγέουσι

118 850 154 915 δὲ
169 850 205 914 ἐκ
219 853 287 913 τῶν
301 843 451 933 ὀλυρέων
466 852 639 923 ποιεῦντες
653 843 786 931 ἀρτους,
807 843 888 923 τούς
901 847 1029 915 ἐκεῖνοι
1041 855 1110 925 κυλ-

117 945 231 1032 λήστις
246 943 478 1030 ούνομύζουσι.
522 952 602 1032 οἴνῳ
624 940 657 1009 δ’
681 945 717 1010 έκ
739 945 887 1028 κριθέων
908 946 1110 1033 πεποιημένην

116 1044 340 1129 διαχρέονται·
359 1038 400 1109 ού
414 1040 479 1126 γάρ
494 1047 558 1126 σφί
569 1046 632 1107 είσι
644 1042 681 1106 ἐν
695 1045 735 1128 τῇ
747 1039 838 1127 χύρη
852 1037 1008 1125 ἄμπελοι.
1024 1038 1109 1127 ίχδύ-

118 1168 165 1208 ων
186 1143 223 1209 δέ
241 1139 320 1219 τοὺς
339 1139 401 1226 μὲν
422 1135 505 1224 πρὸς
528 1135 626 1223 ἥλιον
646 1134 830 1224 αὐήναντες
854 1133 968 1223 ὠμούς
992 1140 1108 1205 σιτέον-

115 1264 186 1323 ται,
208 1235 288 1316 τούς
312 1240 349 1304 δὲ
376 1239 408 1315 έξ
429 1233 535 1321 ἀλμης
557 1237 860 1319 τεταριχευμένους.
906 1230 1058 1322 ὀρνίθων
1077 1235 1107 1302 δέ

115 1335 194 1412 τούς
209 1360 243 1402 τε
265 1332 409 1419 ὄρτυγας
422 1336 478 1400 καὶ
491 1329 550 1410 τάς
564 1332 690 1418 νήσσας
705 1334 760 1398 καί
774 1329 815 1399 τὰ
836 1331 960 1421 σμικροὶ
975 1333 1045 1401 τόν
1058 1329 1105 1417 ὄρ-

114 1437 238 1497 νιδίων
266 1426 338 1514 ύμά
363 1431 528 1496 σιτέονται
554 1428 890 1516 προταριχεύσαντες·
915 1427 957 1497 τόι
979 1431 1018 1498 δέ
1036 1429 1104 1499 ἀλλα

114 1527 178 1595 ὅσα
196 1524 219 1612 ἢ
241 1523 392 1611 ὀρνίθων
416 1523 438 1612 ἢ
459 1527 590 1612 ίχδύων
617 1530 688 1595 έστί
705 1545 766 1613 σφι
788 1526 948 1613 ἐχόμενα,
978 1521 1104 1616 χωρὶςῆ

113 1623 231 1692 ὁκόσοι
245 1642 306 1708 σφι
322 1624 388 1708 ἱροί
405 1619 652 1710 ἀποδεδέχαται,
675 1622 754 1701 τούς
768 1619 908 1701 λοιπούς
925 1619 1050 1705 ὀπτούς
1060 1627 1103 1693 καλ

63 1735 99 1791 ⁷8
115 1717 244 1807 ἑφθούς
261 1721 434 1787 σιτέονται.
477 1719 532 1788 Ἐν
547 1723 583 1788 δέ
596 1729 671 1810 τῇσι
687 1728 886 1808 συνουσίῃσι
900 1735 989 1791 τοίσι
1004 1721 1103 1791 εύδαί-

111 1836 190 1904 μοσι
205 1812 333 1900 αὐτῶν,
363 1816 465 1884 έπεόιν
486 1816 551 1886 ἀπό
574 1823 712 1886 δείπνου
732 1821 914 1906 γένωνται,
943 1822 1102 1908 περιφέρει

110 1913 197 2003 ἀνὴρ
218 1914 343 2001 νεκρὰν
367 1920 404 1984 έν
425 1927 514 2010 σορῷ
537 1920 675 1998 ξύλινον
696 1922 941 2008 πεποιημένον,
972 1947 1103 2010 μεμιμη-

109 2017 212 2101 μένον
227 2018 259 2092 ές
273 2013 313 2082 τοὶ
328 2015 471 2101 μάλιστα
485 2020 540 2085 καὶ
550 2023 664 2105 γραφη
678 2021 733 2084 καί
747 2022 844 2106 ἔργω,
867 2022 1019 2104 μέγαθος
1034 2018 1103 2087 ὅσον

108 2138 144 2178 τε
159 2112 268 2197 πάντη
285 2110 498 2200 πηχυιαῑονῆ
513 2119 674 2200 δίπηχυν,
698 2113 832 2192 δεικνύς
854 2115 890 2182 δὲ
904 2114 1034 2207 ἑκάστω
1046 2121 1102 2184 τόν
1130 2112 1133 2117 ’

110 2213 306 2292 συμποτέων
320 2212 424 2295 λέγει·
442 2211 493 2291 Ἐς
506 2220 628 2280 τούτου
642 2209 750 2298 ὁρέων
765 2214 843 2280 πῖνέ
853 2238 891 2280 τε
906 2217 963 2282 καί
976 2217 1101 2302 τέρπεο·

109 2311 198 2373 ἔσεαι
213 2303 278 2391 γάρ
293 2303 479 2377 ἀποδανοδν
491 2318 650 2387 τοιοῦτος.
676 2312 853 2395 ταῦταμὲν
865 2309 957 2398 παρὰ
971 2310 1014 2381 τὰ
1027 2335 1102 2398 συμ-

60 2418 95 2474 79
109 2404 210 2474 πόσια
227 2412 368 2475 ποιεῦσι.
409 2416 586 2495 Πατρίοισι
603 2409 639 2475 δὲ
657 2406 833 2493 χρεόμενοι
853 2409 990 2495 νόμοισι
1010 2406 1102 2478 ἀλλον

108 2499 232 2569 οὐδένα
253 2505 467 2574 έπικτέονται.
506 2520 592 2574 τοῖσι
613 2503 697 2573 ἀλλα
716 2531 752 2572 τε
769 2505 887 2585 έπάξιά
903 2510 973 2575 ἐστι
988 2507 1101 2595 νόμιμα

107 2599 163 2665 καὶ
177 2597 218 2684 δὴ
234 2602 289 2668 καὶ
303 2600 424 2689 ἄεισμα
438 2600 475 2670 ἓν
490 2602 575 2689 ἔστι,
597 2610 716 2688 Λίνος,
748 2601 852 2690 όςπερ
882 2609 922 2671 ἔν
942 2630 979 2672 τε
995 2608 1102 2674 Φοινί-

107 2720 149 2781 κη
165 2691 317 2781 ἀοίδιμός
339 2701 406 2766 έστι
422 2704 478 2767 καὶ
499 2703 536 2767 έν
553 2701 681 2790 Κύπρῳ
701 2702 757 2768 καὶ
771 2698 871 2789 ἀλλη,
896 2700 983 2770 κατὰ
997 2706 1101 2790 μένεα

108 2799 211 2860 ἔθνεα
227 2793 357 2879 ούνομα
371 2802 453 2881 ἔχει·
482 2803 686 2884 συμφέρεται
702 2800 739 2865 δὲ
753 2796 859 2878 ὡυτὸς
874 2797 977 2888 εἶναι,
1002 2799 1061 2870 τόν
1073 2804 1103 2866 ολ

97 2890 254 2976 Ἕλληνες
268 2897 374 2960 Λίνον
390 2892 631 2981 ούνομάζοντες
646 2894 807 2981 ἀείδουσι,
827 2894 911 2964 ὥστε
924 2895 1034 2967 πολλὰ
1047 2898 1102 2984 μὲν

105 2989 161 3055 καὶ
176 2987 261 3056 ἀλλα
276 2985 535 3076 ἀποθωυμάζειν
549 3020 590 3079 με
606 3000 675 3061 τῶν
688 2994 764 3078 περὶ
779 3001 955 3078 Αἴγυπτον
970 2995 1101 3078 έόντων,

106 3110 144 3151 εν
165 3086 202 3152 δὲ
223 3082 264 3171 δὴ
285 3083 420 3153 καὶτὸν
439 3095 545 3156 Λίνον
567 3087 694 3157 ὁκόθεν
715 3095 854 3176 ἔλαβον·
877 3097 1058 3175 φαίνονται
1069 3088 1102 3157 δδ

106 3184 174 3246 αίεί
186 3204 264 3246 ποτε
277 3187 399 3249 τούτου
412 3181 596 3262 ἀείδοντες·
620 3191 689 3252 ἔστι
709 3185 746 3252 δὲ
759 3190 957 3269 Αἰγυπτιστὶ
973 3185 993 3256 ὁ
1007 3194 1102 3266 Λίνος

105 3276 309 3360 καλεόμενος
333 3280 511 3362 Μανέρως.
556 3286 686 3365 ἔφασαν
705 3283 746 3347 δέ
762 3305 821 3366 μιν
841 3281 1025 3366 Αἰγύπτιοι
1045 3289 1102 3353 τοῦ

106 3369 242 3453 πρύτου
254 3373 514 3460 βασιλεύσαντος
525 3377 700 3462 Αἰγύπτου
715 3381 816 3445 παῖδα
830 3385 1041 3467 μουνογενέα
1049 3407 1097 3471 γε·

88 3516 237 3600 Α
