2354 3840
241 199 244 205 '
352 199 436 261 Lm.
471 202 513 257 111.
548 202 645 258 cAP.
680 210 783 264 Ι-δ.
1006 204 1068 270 213

63 354 132 425 εἶδε
152 383 193 446 τη
178 355 437 445 Κασσανδάνῃ
458 364 669 441 παρεστεῶτα
689 363 788 428 τέκνα
811 360 940 433 εὐειδέα
961 392 996 434 τε
1012 372 1068 438 καί

61 451 209 539 μεγάλα,
229 454 373 543 πολλιβ’
356 460 472 538 εχράτο
493 479 538 542 τῳ
525 455 677 544 ἐπαίνῳ
703 452 1062 546 ὑπερθωμάζουσα,
1045 494 1065 554 η

62 554 101 622 δὲ
115 552 342 639 Κασσανδάνη
356 555 457 621 ἐοῦσα
474 579 533 619 τον
520 521 668 638 Κύρού
682 583 768 644 γυνη
758 556 855 628 εἶπε
869 561 964 631 τάδε·
987 572 1068 633 Τοι-

63 653 151 718 ῶνδε
165 653 278 736 μέντοι
291 653 348 736 ἐμὲ
360 654 490 719 παίδων
500 653 625 736 μητέρα
641 654 764 721 ἐοῦσαν
774 663 887 743 Κῦρος
902 657 973 728 ἕν’
954 669 1066 749 ατιμιη
1140 650 1146 659 ’

63 755 146 835 ἔχει,
168 746 230 836 τήν
251 747 281 816 δ’
306 747 351 816 άπ
356 747 428 816 Ἀἰ
422 748 558 833 γύπτον
579 752 754 837 ἐπίκτητον
776 756 812 821 ἐν
829 765 905 847 τιμή
926 767 1062 830 τίθεται.

65 842 136 932 Τήν
151 847 213 932 μὲν
230 844 423 933 ἀχθομένην
440 873 479 933 τη
465 847 615 932 Νιτήτι
638 854 743 916 εἰπεῖν
758 878 877 938 ταντα,
899 863 966 923 τῶν
982 859 1022 925 δέ
1033 862 1068 926 οί
1119 850 1122 858 ’

60 944 237 1014 παίδων
203 971 263 1014 τον
274 945 502 1032 πρεσβύτερον
516 950 621 1012 εἰπεῖν
631 950 832 1035 Καμβύσην·
862 955 1062 1043 Τοιγάρτοι,

62 1041 90 1116 ά
111 1053 231 1134 μήτερ,
253 1041 355 1113 ἐπεάν
379 1043 442 1130 ἐγώ
458 1071 604 1131 γενωμαι
627 1042 729 1133 άνήρ,
751 1050 927 1135 Αἰγύπτου
943 1079 983 1120 τα
972 1049 1062 1138 μὲν

60 1141 132 1211 άνω
148 1141 238 1210 κάτω
252 1141 366 1228 δήσω,
381 1169 421 1209 τα
411 1140 531 1210 δὲ
488 1168 578 1210 κατω
592 1141 671 1211 άνω.
714 1153 824 1214 Ταῦτα
840 1155 943 1216 εἰπεῖν
958 1147 1062 1217 αὐτὸν

59 1237 172 1308 ἕτεα’
151 1266 194 1318 ως
211 1244 291 1308 δέκα
310 1266 374 1307 κον
394 1240 571 1326 γεγονότα,
594 1239 699 1308 καὶ
663 1269 722 1320 τας
736 1260 913 1339 γυναῖκας
925 1244 963 1312 δν
987 1241 1060 1312 δά-

58 1365 136 1423 ματι
151 1338 326 1422 γενέσθαι·
347 1334 407 1404 τὸν
420 1337 455 1404 δὲ
466 1338 794 1425 διαμνημονενοντα
814 1366 901 1409 ουτω
911 1338 1061 1424 δη,ἐπεί

58 1460 93 1503 τε
113 1431 276 1521 ήνδράδη
296 1437 351 1502 καδ
370 1439 443 1519 ἔσχε
463 1431 525 1520 τήν
549 1441 741 1520 βασιληίην,
769 1437 974 1524 ποιήσασθαι
998 1435 1060 1524 τήν

59 1528 111 1599 ἐπ’
131 1540 305 1617 Αἴγυπτον
330 1536 517 1616 στρατηίην.
572 1532 759 1618 Συνήνεικε
784 1533 821 1601 δὲ
844 1537 898 1602 καὶ
923 1533 1002 1603 άλλο
1028 1546 1089 1601 τιλ

60 1628 191 1698 τοιόνδε
206 1635 340 1715 πρῆγμα
352 1630 512 1714 γενέσθαι
529 1624 611 1706 ἐς
575 1654 637 1714 την
652 1631 903 1715 ἐπιστράτευσιν
916 1632 1056 1717 ταύτην·

23 1742 26 1750 “
57 1719 101 1813 ήν
121 1751 190 1793 των
212 1724 400 1810 ἐπικούρων
422 1751 490 1792 των
508 1722 699 1810 Ἀμάσιος’
680 1724 765 1813 ανὴρ
781 1728 877 1812 γένος
891 1727 976 1842 μὲν
973 1737 1058 1796 Αλι-

55 1819 275 1909 καρνησσεύς,
286 1818 416 1909 οὕνομα
433 1824 473 1889 δέ
492 1846 523 1888 οι
546 1812 590 1907 ήν
608 1823 739 1909 Φάνης,
762 1827 816 1890 καὶ
829 1825 968 1910 γνωμην
982 1830 1057 1892 ίκα·

55 1918 114 2002 νός
144 1926 199 1991 καὶ
221 1950 260 1990 τα
249 1919 432 2005 πολεμικα
444 1920 589 2006 αλκιμος
623 1914 721 1999 οὗτος
746 1919 764 1988 ὁ
788 1922 901 2008 Φάνης
925 1920 1057 2007 μεμφό-

53 2018 157 2108 μενός
181 2019 246 2087 κού
269 2047 300 2086 τι
321 2015 438 2104 Ἀμάσι
463 2016 670 2102 ἐκδιδρήσκει
690 2027 794 2110 πλοίῳ
817 2022 901 2099 ἐξΑ
901 2019 1054 2104 ίγύπτον,

53 2118 260 2209 βουλόμενος
275 2118 441 2205 Καμβύση
463 2119 575 2184 ἐλθεῖν
597 2120 629 2196 ἐς
654 2118 784 2204 λόγους.
819 2113 872 2187 οἷα
897 2118 933 2186 δὲ
957 2118 1054 2185 ἐόντα

52 2213 160 2285 αὐτὸν
175 2217 211 2283 ἐν
225 2229 310 2284 τοῖσι
326 2214 532 2302 ἐπικούροισι
548 2214 650 2300 λόγου
666 2213 707 2284 ού
722 2222 865 2303 σμικροῦ
880 2215 1055 2301 ἐπιστάμε-

54 2314 117 2383 νόν
137 2338 173 2380 τε
198 2311 238 2380 τά
259 2313 334 2399 περὶ
355 2321 530 2398 Αἴγυπτον
552 2309 786 2398 ἀτρεκέστατα,
815 2313 1009 2398 μεταδιώκει
1035 2309 1053 2380 ὁ

44 2412 184 2499 ’Ἁμασις
204 2406 356 2495 σπονδήν
376 2408 575 2494 ποιεύμενος
596 2412 697 2494 ἑλεῖν,
720 2408 915 2494 μεταδιώκει
935 2414 971 2476 δὲ
984 2413 1056 2475 τοῖν

53 2507 228 2593 εὐνούχων
248 2503 308 2575 τδν
329 2505 528 2573 πιστότατον
545 2501 740 2583 άποστείλας
760 2505 888 2592 τριήρει·
900 2502 973 2574 κατ’
991 2502 1053 2571 αύ-

50 2605 130 2694 τδν,
152 2604 189 2684 ὃς
210 2608 312 2693 αίρέει
329 2631 388 2692 μιν
406 2606 443 2672 ἐν
458 2610 584 2692 Λνκίη,
607 2599 691 2671 ἑλάν
713 2603 749 2672 δὲ
770 2602 832 2671 οὐκ
854 2602 1001 2693 ἀνήγαγε
1022 2609 1055 2684 ἐς

51 2715 245 2792 Αίγνπτον·
267 2710 369 2793 σοφίη
384 2703 449 2790 γάρ
471 2729 530 2788 μιν
545 2699 737 2788 περιήλδεὸ
754 2702 877 2789 Φάνης.
911 2728 1054 2788 καταμε-

51 2907 187 2994 μημένω
212 2901 248 2968 δὲ
267 2899 434 2987 Καμβύση
459 2899 700 2985 στρατεύεσθαι
725 2895 778 2964 ἐπ’
800 2907 973 2983 Αἴγυπτον
999 2900 1053 2965 καὶ

51 3003 229 3090 απορέοντι
257 2999 318 3089 τήν
347 2997 529 3084 ἔλασιν,”
509 3025 595 3076 οκως
621 2994 682 3084 τήν
707 2996 858 3082 άννδρον
885 3002 1052 3085 διεκπερᾷ,

51 3099 206 3170 ἐπαείδων
229 3099 346 3186 φράζει
367 3126 389 3184 μ
391 3098 429 3164 δν
450 3097 505 3165 καὶ
521 3089 624 3164 τάλλα
640 3092 678 3161 τά
698 3093 850 3180 Ἀμάσιος
866 3094 1053 3181 πρήγματα,

51 3190 216 3287 ἐξηγέεται
234 3196 270 3264 δὲ
286 3193 392 3263 καὶ
356 3222 419 3282 την
434 3201 564 3272 ἔλασιν,
581 3186 646 3260 ωδε
663 3195 864 3278 παραινέων,
880 3196 1054 3281 πέμψαντα

50 3295 139 3384 παρά
164 3293 227 3364 τόν
247 3292 411 3381 Ἀραβίων
435 3297 572 3382 βασιλέα
598 3302 735 3362 δεεοθαι
762 3289 824 3380 τήν
845 3269 995 3375 διέξοδόν
1022 3296 1055 3362 οἱ

49 3394 202 3481 άσφαλεά
226 3407 416 3479 παρασχεῖν.
471 3391 599 3475 Μούνη
628 3393 664 3456 δὲ
691 3388 851 3477 ταύτηί
822 3392 883 3458 είσὶ
911 3369 1085 3473 φανεραὶο

1019 3530 1128 3625 Ι
