2354 3840
135 175 198 241 148
514 179 767 239 HERODOTI

134 346 236 407 λοντα
248 345 288 427 τῇ
299 339 397 426 μητρὶ
406 334 721 424 σνμμϊξαι,καλτούς
732 338 926 423 προπόλους
935 347 997 429 τῆς
1008 340 1138 431 μητρός,

136 432 189 505 οἷα
203 434 266 504 ούκ
281 434 458 514 ὀπωπότας
473 432 578 503 αὐτόν
592 433 776 523 πρότερον,
792 432 833 504 ού
847 445 1013 526 περιορᾶν
1028 442 1139 529 παριί-
1173 442 1175 481 ⁵

134 563 207 621 ναι,
232 531 305 605 ἀλλ’
326 533 525 622 ἀπερύκειν,
547 530 608 600 τόν
630 529 661 599 θ’
682 536 715 613 ἐξ
730 532 831 621 ἀλλης
845 533 962 617 πόλιος
976 532 1139 627 ἀγαγόμε·
1173 554 1175 593 :

134 664 197 704 νου
219 633 425 722 ἀνθρώπους
444 633 524 712 τούς
545 659 581 702 τε
600 632 795 720 προπόλους
810 636 955 720 τρηχέως
969 650 1138 721 περισπεῖν

135 740 190 803 καί
216 739 367 815 ἐσελθεῖν
392 731 481 822 παρά
507 731 569 821 την
590 733 724 819 μητέρα.
759 727 825 798 ἀπό
846 731 971 802 τούτου
990 741 1040 825 τῷ
1054 733 1138 821 Ἀρεῑ

134 832 261 919 ταύτην
275 830 337 920 τὴν
351 829 483 920 πληγὴν
498 833 534 898 ἐν
548 837 588 920 τῇ
599 828 681 918 ὁρτῇ
695 831 907 915 νενομικέναι
921 836 1015 916 φασί.
1027 834 1094 901 Καὶ
1104 829 1136 901 τό

134 927 179 1017 μὴ
196 938 375 1016 μίσγεσθαι
392 932 525 1015 γυναιξί
546 934 583 996 ἐν
600 932 700 1015 ίροίσι
721 928 805 1015 μηδὲ
819 925 984 1008 ἀλούτους
999 927 1069 1001 ἀιὶό
1080 958 1136 1019 γυ-
1173 958 1175 967 ·

134 1040 263 1100 ναικοίν
279 1034 311 1110 ἐς
322 1029 378 1116 ίρά
394 1034 518 1100 ἐσιέναι
533 1022 630 1097 ούτοί
642 1034 705 1097 είσι
719 1033 754 1098 ολ
765 1035 891 1116 πρῶτοι
905 1031 1137 1118 θρησκεύσειν

134 1155 195 1208 τες.
227 1132 261 1196 οί
273 1130 335 1214 μὲν
356 1126 421 1216 γάρ
442 1127 537 1197 ἀλλοι
559 1124 678 1214 σχεδόν
695 1126 818 1207 πάντες
838 1126 1037 1219 ἄνθρωποι,
1057 1129 1136 1220 πλὴν

134 1235 330 1315 Αἰγυπτίων
344 1231 399 1297 καὶ
414 1227 601 1315 Ἑλλήνων,
624 1232 799 1312 μίσγονται
820 1229 857 1294 έν
877 1231 981 1314 ίροίσι
1000 1231 1060 1298 καὶ
1077 1226 1134 1299 ἀπό

133 1332 306 1416 γυναικῶν
321 1323 535 1412 ἀνιστάμενοι
552 1321 689 1392 ἀλουτοι
711 1325 903 1410 ἐσέρχονται
917 1326 950 1403 ἐς
967 1321 1064 1413 ίρόν,
1083 1350 1134 1395 νο-
1173 1388 1175 1393 .

134 1432 281 1510 μίζοντες
302 1420 507 1508 ἀνθρώπους
529 1420 613 1488 εἶναι
648 1420 795 1511 κατάπερ
825 1420 866 1490 τά
900 1419 986 1490 ἀλλα
1009 1421 1132 1513 κτήνεα.
1173 1460 1175 1467 ·

133 1524 190 1589 καλ
205 1518 269 1606 γάρ
287 1518 327 1588 τά
343 1518 427 1589 ἀλλα
441 1519 563 1605 κτήνεα
578 1516 664 1637 ὁρᾶν
678 1545 720 1586 κα
721 1518 898 1601 ὶόρνίθων
910 1521 1012 1607 γένεα
1027 1520 1133 1611 ὀχευό-

133 1645 218 1783 μίενα
241 1623 278 1686 ἔν
294 1644 330 1687 τε
343 1633 429 1687 τοίσι
442 1633 553 1705 νηολσι
567 1624 636 1685 τῶν
649 1611 743 1684 θεόν
761 1621 817 1687 καί
830 1621 868 1686 ἐν
881 1633 969 1689 τοῖσι
981 1624 1130 1709 τεμένεσι

134 1709 234 1784 είάν
256 1716 341 1784 εἶναι
364 1724 410 1807 τῷ
434 1724 505 1838 θεῷ
525 1722 624 1783 τοῦτο
647 1712 691 1801 μὴ
713 1721 830 1802 φίλον,
853 1713 916 1785 ούκ
936 1713 983 1786 ἀν
1002 1714 1128 1789 υύόὲ
1098 1743 1129 1787 τι

48 1832 50 1837 ·
134 1812 257 1901 κτήνεα
281 1816 416 1882 ποιέειν.
457 1807 551 1882 οὖτοι
577 1817 638 1898 μέν
670 1839 736 1880 νυν
765 1820 903 1882 τοιαῦτα
935 1817 1131 1905 ἐπιλέγοντες

86 1932 120 1989 ⁶5
135 1920 267 1982 ποιεῦσι
281 1919 393 2000 ἔμοιγε
408 1911 471 1981 οὐκ
484 1911 624 1998 ἀρεστά·
657 1913 838 1998 Αἰγύπτιοι
859 1914 896 1982 δέ
909 1916 1130 2003 θρησκεύουσι

134 2016 299 2096 περισσως
312 2009 355 2079 τά
372 2036 407 2078 τε
422 2007 506 2078 ἀλλα
522 2007 651 2096 περὶ
614 2035 655 2076 τα
673 2014 729 2098 ίρα
718 2007 800 2079 καί
817 2007 858 2098 δὴ
873 2013 929 2079 καὶ
943 2012 1036 2083 τάδε.

214 2105 333 2175 Ἐοῦσα
354 2104 374 2191 ἡ
399 2114 569 2192 Αίγυπτος
580 2104 727 2195 όμονρος
737 2114 777 2197 τῇ
787 2108 900 2198 Λιβύη
916 2106 960 2179 ού
973 2112 1130 2200 μάλαθη

134 2204 256 2293 ριύθης
272 2207 347 2272 ἐστί.
382 2202 423 2272 τά
441 2205 477 2272 δὲ
502 2204 601 2273 ἐόντα
622 2224 684 2291 σφι
707 2203 838 2274 ἅπαντα
859 2202 915 2294 λρά
935 2209 1130 2297 νενόμισται,

132 2307 189 2372 καί
204 2300 244 2371 τά
260 2301 322 2389 μὲν
333 2302 508 2390 σύντροφα
526 2300 657 2372 αύτοίσι
672 2311 780 2390 [τοῖσι]
798 2301 1032 2395 ἀνθρύποισι,
1051 2305 1090 2376 τό
1101 2303 1131 2374 θλ
1173 2302 1175 2337 ²

85 2402 88 2409 ’
133 2401 183 2470 ού.
206 2407 275 2468 τῶν
290 2399 326 2468 δέ
343 2402 471 2469 εἵνεκεν
482 2397 608 2470 ἀνεῖται
623 2397 664 2468 τά
679 2398 735 2487 ίρά
751 2406 782 2469 εί
794 2405 941 2489 λέγοιμι,
957 2407 1131 2491 καταβαίην

132 2497 176 2566 ἀν
189 2506 235 2590 τῷ
256 2497 346 2588 λόγῳ
368 2501 401 2577 ἐς
415 2496 455 2566 τά
473 2509 550 2567 θεία
572 2498 766 2586 πρήγματα,
787 2495 828 2565 τά
850 2494 915 2584 ἐγά
937 2498 1058 2584 φεύγω
1076 2498 1132 2587 μα’·

131 2607 228 2667 λιστα
243 2594 459 2683 ἀπηγέεσθαι
488 2595 529 2665 τά
550 2600 587 2666 ἀε
602 2601 657 2666 καί
680 2607 794 2763 εἶίρηκα
815 2595 928 2666 αὐτων
943 2599 1131 2685 ἐπιψαύσας,

131 2692 298 2781 ἀναγκαίῃ
319 2694 703 2812 καταλαμβανόμενοςί
673 2721 688 2762 ε
702 2719 776 2764 πον.
807 2695 912 2784 νόμος
926 2700 968 2767 δέ
984 2701 1055 2769 ἐστι
1067 2699 1133 2785 περὶ

130 2816 200 2857 ταν
210 2794 344 2879 θηρίων
355 2779 421 2857 ιόόε
433 2795 527 2876 ἔχων.
549 2794 732 2878 μελεδωνοὶ
742 2791 1034 2881 ἀποθεόέχαται”
991 2824 1052 2885 της
1064 2821 1133 2886 σρν·

131 2893 196 2973 φῆς
209 2887 346 2973 χωρὶς“
329 2885 494 2974 εκάστων,
516 2892 571 2957 καί
586 2895 718 2976 ἔρσενες
731 2891 787 2958 καὶ
805 2891 929 2978 θήλεαι
948 2898 1021 2961 τόν
1032 2899 1135 2981 Λίγυ-

129 2991 251 3070 πτίαιν,
273 2989 341 3050 τῶν
362 2998 439 3062 παῖς
454 2982 544 3072 παρά
559 2985 685 3107 πατρὸς
700 2985 922 3055 ἐκδέκεται
886 3013 949 3075 την
965 2990 1076 3078 τιμήν.
1106 2991 1135 3057 ολ

130 3081 166 3148 δὲ
181 3083 218 3148 ἐν
235 3087 310 3167 τῇσι
325 3080 476 3148 πόλισι”
456 3102 587 3152 εκαστοι
603 3081 701 3169 εύχάς
715 3082 816 3150 τάσθε
830 3101 891 3168 σφι
906 3079 1133 3155 ἀποτελέουσι·

130 3175 353 3268 εὐχόμενοι
321 3184 367 3244 τῶ
384 3185 473 3270 θεῷ,
487 3187 549 3247 τού
565 3176 609 3248 ἀν
625 3175 646 3269 ᾖ
663 3178 701 3248 τό
718 3187 804 3300 θηρί
802 3206 859 3267 ον,
882 3178 1058 3265 ξυρέοντες
1072 3185 1133 3249 τόν

129 3269 310 3359 παιόίωνη
325 3249 440 3347 πᾶσαύ
457 3302 520 3363 την
545 3273 742 3365 κεφαλην
719 3305 740 3364 η
756 3302 793 3345 το
816 3272 957 3365 ημισυῆ
973 3303 1011 3345 το
999 3274 1135 3367 τρίτον

129 3375 228 3458 μέρος
242 3377 299 3456 τῆς
320 3379 483 3460 κεφαλης,
506 3378 614 3444 ἱστᾶσι
636 3381 774 3466 σταθμῷ
792 3371 876 3460 πρός
895 3370 1064 3463 ἀργύριον
1080 3373 1135 3455 τάς
