2354 3840
137 182 198 246 160
511 183 762 241 HERODOTI

135 346 190 413 καί
207 341 318 411 άπαλά
332 349 435 410 ταῦτα
450 346 505 411 καὶ
519 335 596 411 αῦα.
640 339 703 430 τὴν
717 341 754 410 δὲ
774 342 907 431 βύβλον
925 340 992 432 τὴυ
1008 345 1130 413 dudm

135 448 317 533 γινομένην
341 440 443 510 ἐπεάν
468 439 686 510 ἀνασπάσωσι
711 443 748 510 ἐκ
772 448 841 510 τών
865 445 988 532 ἑλέων,
1018 442 1060 513 τά
1079 445 1130 533 pb

135 541 206 611 ἀνω
227 538 329 627 αὐτῆς
351 536 600 659 ἀποτάμνοντες
621 542 654 617 ές
673 537 755 608 ἀλλο
774 565 808 607 τι
831 542 1020 632 τράπουσι,
1047 540 1129 613 τόῦλ

134 640 225 709 κάτω
238 637 491 724 λελειμμένου“
471 658 553 706 οσον
566 663 602 704 τε
618 639 670 705 ἐπί
684 643 795 723 πὴχυυ
814 639 986 727 τρώγουσι
1004 642 1061 711 καλ
1070 658 1128 709 τι*

133 741 318 806 λ.ολέουσι
333 731 427 804 δὲάν
441 738 535 803 καὶ
510 736 615 824 κάρτα
630 736 820 823 βούλωνται
829 745 957 827 χρηστῇ
972 762 1016 827 τῃ
998 736 1127 829 {Idm

134 844 297 924 χρᾶσθαι,
327 837 364 903 ἐν
384 834 534 957 κλιβάνφ
563 836 722 921 διαφανέι
740 841 916 916 πνίξαντες
941 835 1035 907 οὕτω
1057 834 1126 926 τρό-

76 949 80 957 ’
135 954 243 1021 γουσι.
273 938 307 1002 οἰ
320 937 360 1001 δέ
372 959 461 1013 τινες
477 931 590 1001 αῦτών
605 931 760 1014 ζώουσι’
741 932 807 1000 απὸ
824 941 894 1002 τών
910 934 1047 1021 ἰχθύων
1057 932 1125 1023 μού·-

136 1058 217 1118 υωυ,
240 1029 320 1110 τούς
331 1029 434 1099 ἐπεάυ
447 1032 575 1119 λάβωσι
586 1033 642 1099 καί
654 1033 787 1111 ἐξέλωσι
801 1029 864 1119 τὴν
879 1039 1026 1120 κοιλίην,
1046 1026 1126 1099 abat-

136 1150 235 1198 νουσι
248 1127 333 1217 πρὸς
347 1127 444 1217 ἡλιον
459 1133 515 1199 καὶ
529 1137 658 1198 ἔπειτεν
673 1127 777 1208 αύους
793 1129 909 1210 ἐόντας
925 1132 1094 1199 σιτέονται

87 1242 122 1299 93
223 1234 267 1298 Ol
281 1229 318 1297 δέ
334 1228 450 1315 ἰχθύες
464 1234 497 1297 οἰ
510 1227 660 1316 ἀγελαίοι
675 1231 712 1296 ἐν
726 1232 789 1314 μὲν
804 1242 890 1297 τοῖσι
906 1218 1127 1315 ποταμοίσιώ

137 1329 410 1420 μάλαγίνονται,
439 1331 642 1418 τρεφόμενοι
668 1333 705 1397 δὲ
726 1331 763 1397 ἐν
783 1336 857 1418 τῇσι
878 1335 1017 1418 λίμνῃσι
1031 1324 1127 1395 τοιάδε

137 1437 286 1498 ποιεῦσι·
311 1427 413 1496 ἐπεάν
429 1447 534 1513 σφεας
547 1431 619 1516 ἐσίῃ
637 1426 767 1516 οἶστρος
782 1433 1002 1515 κυίσκεσθαι,
1025 1424 1128 1513 άγελη·

138 1524 200 1593 όόυ
221 1524 409 1592 ἐκπλώουσι
431 1527 464 1604 ές
484 1526 680 1594 θάλασσαν·
710 1523 868 1612 ἡγέονται
893 1530 930 1595 δὲ
955 1531 991 1596 οἰ
1013 1532 1128 1614 ἐρσευεε

137 1626 400 1715 ἀπορραίνοντες
412 1633 474 1695 τοῦ
488 1635 616 1715 θοροῦ,
639 1633 676 1696 αἰ
688 1627 724 1696 δὲ
739 1629 899 1714 ἑπόμεναι
913 1625 1129 1696 ἀνακάπτουσι

137 1727 192 1794 καί
210 1729 242 1806 ἐξ
258 1723 364 1792 αῦτοῦ
385 1731 589 1794 κυίσκονται.
636 1723 739 1793 ἐπεάυ
760 1725 797 1793 δὲ
816 1725 959 1812 πλήρεες
980 1722 1130 1811 γένωνται

139 1828 176 1893 ἐν
196 1832 236 1913 τῇ
255 1824 428 1913 θαλάσσῃ,
452 1822 670 1893 ἀναπλώουσι
686 1821 746 1892 ὀπί
731 1830 792 1892 ίσω
805 1825 839 1902 ἐς
852 1820 940 1910 ἡθεα
954 1819 997 1891 τά
1012 1822 1130 1889 όωυτότΙ

138 1928 279 1993 εκαστοι.
319 1922 475 2013 ἡγέονται
489 1930 603 2013 μέντοι
617 1952 657 2012 γε
671 1923 784 1994 οῦκέτι
798 1929 832 1994 οί
845 1921 958 2011 αύτοί,
978 1920 1063 1993 ἀλλά
1075 1926 1131 1991 τόν

137 2026 272 2109 θηλέων
300 2032 426 2109 γίνεται
450 2021 471 2110 ἡ
495 2022 666 2111 ἡγεμονίη.
711 2022 895 2113 ἡγεύμεναι
906 2020 959 2092 όέ
979 2016 1130 2145 ἀχεληόὴτ

139 2129 271 2188 ποιεῦσι
308 2114 446 2210 οἷόνπερ
484 2125 619 2191 ἐποίευν
647 2127 681 2192 οί
705 2128 854 2207 ἔρσενες·
884 2118 954 2190 τών
977 2120 1044 2211 γάρ
1068 2116 1131 2213 ύόν

140 2215 383 2302 ἀπορραίνουσι
397 2246 459 2287 κατ
463 2217 628 2306 ’ὀλίγους
635 2227 704 2288 τών
718 2222 884 2308 κέγχρων,
912 2225 947 2288 οἰ
959 2220 997 2289 δὲ
1014 2226 1131 2337 έρσεγω·

138 2321 359 2383 καταπίνουσι
373 2317 540 2403 έπόμενοι.
580 2324 611 2386 ε
597 2320 642 2386 σί
663 2316 699 2385 δὲ
714 2321 748 2385 οἰ
759 2309 950 2404 κέγχροι
906 2322 1004 2387 ουτοι
1019 2314 1129 2404 ἰχθύες.

139 2415 175 2481 ἐκ
198 2414 233 2480 δὲ
254 2421 322 2482 τών
343 2418 610 2503 περιγινομένων
631 2417 687 2483 καί
708 2412 752 2501 μὴ
774 2419 1052 2502 καταπινομένων
1065 2413 1131 2497 ιιέγ·
1164 2470 1167 2497 ,

138 2538 229 2600 χρων
250 2518 283 2581 οί
301 2513 503 2600 τρεφόμενοι
524 2513 641 2602 ἰχθύες
657 2520 818 2598 γίνονται.
860 2518 895 2580 οἳ
912 2509 945 2579 δ’
968 2508 1014 2579 ἀν
1033 2506 1131 2577 αύτῦτ

139 2609 245 2680 ἁλώσι
267 2611 472 2693 ἐκπλώοντες
496 2616 530 2692 ἐς
549 2615 745 2700 θάλασσαν,
774 2619 953 2701 φαίνονται
971 2610 1132 2701 τετριγρέ·

139 2732 194 2775 υοι
219 2704 260 2774 τά
285 2705 337 2774 ἐπ’
365 2706 522 2796 ἀριστερά
548 2718 616 2778 τών
640 2714 830 2797 κεφαλέων,
860 2717 895 2779 οἳ
916 2707 949 2777 δ’
972 2705 1018 2778 ἀν
1039 2706 1132 2778 ὀπίσω

139 2805 391 2893 ἀναπλώοντες,
413 2807 454 2876 τὰ
475 2811 528 2877 ἐπί
556 2808 648 2890 δεξιὰ
677 2817 878 2897 τετρίφαται.
923 2808 1087 2897 πάσχουσι
1103 2805 1134 2873 όί

138 2912 243 2975 ταῦτα
264 2901 319 2972 όιά
341 2905 433 2974 τόδε·
463 2909 614 2995 ἐχόμενοι
635 2917 693 2996 τῆς
712 2916 772 2995 γῆς
792 2905 844 2976 ἐπ’
866 2905 1027 2998 ἀριστερά
1043 2928 1134 2977 κυττ-

138 3004 290 3073 πλώουσι
303 3006 337 3081 ἐς
352 3003 546 3092 θάλασσαν,
570 3007 627 3073 καί
641 3003 875 3084 ἀναπλώοντες
888 3003 997 3074 όπίσω
1011 3012 1069 3093 τῆς
1080 2998 1139 3071 αό-

138 3109 195 3188 της
220 3100 429 3189 ἀντέχονται,
459 3104 735 3190 ἐγχριμπτόμενοι
757 3107 813 3172 καὶ
833 3103 1002 3184 ψαύοντες
1020 3098 1137 3189 ώςμά·

140 3292 242 3362 ἐπεάν
262 3295 298 3362 δὲ
318 3298 535 3382 πληθύεσθαι
555 3296 693 3385 ἀρχηται
715 3296 733 3367 ὁ
754 3306 904 3387 Νεῖλος,
922 3299 965 3367 τά
988 3324 1026 3368 τε
1048 3305 1140 3369 nona

140 3397 197 3477 τῆς
219 3398 279 3478 γῆς
298 3394 353 3461 καί
373 3391 413 3459 τά
433 3397 576 3481 τέλματα
596 3393 636 3462 τά
660 3393 751 3480 παρά
774 3393 835 3464 τόν
856 3394 1010 3484 ποταμόν
1029 3402 1139 3485 πρώτα
