2354 3840
104 196 168 258 εει
375 164 378 169 ’
480 196 730 253 Ηεεοοουι

106 360 165 425 τού
179 352 309 430 Κότυος
323 356 384 419 τοῦ
394 350 523 419 Μάνεω
533 357 721 436 κεκλῆσθαι.
730 347 791 435 τὴν
801 347 931 437 Ἀσίην,
947 349 1023 420 ἀλλ’
1041 350 1100 421 οὐιι

106 455 158 524 ἐπὶ
171 457 230 537 τῆς
242 449 440 535 Προμηθέος
452 445 576 534 Ἀσίης,
594 445 653 514 ἀπ’
671 445 748 516 ὅτευ
762 450 817 516 καὶ
830 445 893 535 τὴν
907 451 945 517 έν
956 450 1100 538 Σάρδισι

108 547 221 636 φυλὴν
235 553 417 634 κεκλῆσθαι
428 542 571 615 Ἀσιάδα.
600 543 621 630 ἡ
637 544 673 612 δέ
687 540 729 630 δὴ
742 542 890 632 Εὐρώπη
905 544 984 614 οὐτε
999 553 1031 616 εί
1041 571 1099 615 πε-

107 645 260 736 ρίρρυτός
288 646 355 711 έστι
380 642 577 727 γινόσιιεται
600 638 684 725 πρός
709 638 867 729 οὐδαμῶν
893 639 1121 730 ἆνθροίιτωυ,,

107 745 184 814 οὐτε
199 738 378 811 όιιόθεν
343 766 381 809 το
402 739 530 825 οὐνομα
550 744 647 826 ἔλαβε
667 745 783 824 τοῦτο,
804 737 884 809 οὐτε
901 736 999 817 ὅστις
1013 736 1097 827 οίῆν

108 840 294 924 όθέμενος
313 845 483 923 φαίνεται,
506 834 645 923 είμη’
626 834 691 903 από
716 842 774 922 τῆς
796 843 925 922 Τυρίης
932 836 1097 954 φήσομεν

108 937 272 1061 Εὐρφόπης
294 943 409 1022 λαβεῖν
427 931 465 1001 τό
486 931 615 1019 οὐνομα
635 960 697 1054 την
717 931 844 1019 ηόρην·
874 931 1042 1020 πρότερον
1063 935 1096 1003 B}

107 1065 151 1125 ην
167 1035 233 1122 ἄρα
253 1033 445 1117 ὐυιόνυμος,
467 1029 578 1116 ὅσπερ
599 1031 675 1098 αί”
655 1054 772 1114 ετεραι.
806 1024 880 1105 ἀλλ’
903 1026 990 1117 αὐτη
1006 1033 1096 1116 γεέιι

106 1143 165 1221 τῆς
176 1132 283 1217 Ἀσίης
304 1155 339 1197 τε
357 1135 532 1249 φαίνεται
530 1130 632 1195 ἐοῦσα
646 1120 754 1192 καθ’
715 1148 776 1190 ουα
793 1120 978 1210 ἀπικομένη
993 1124 1073 1205 ές
1039 1151 1096 1211 την

106 1243 179 1354 γῆν
185 1233 328 1318 ταύτην,
350 1227 422 1315 ἥτις
437 1234 501 1293 νῦν
516 1223 575 1293 ὑπ’
592 1221 760 1310 Ἑλλήνων
772 1220 933 1309 Εὐρώπη
930 1228 1093 1308 καλέεται,

105 1328 179 1398 ἀλλ’
197 1328 280 1399 ὅσον
295 1331 332 1395 έιι
342 1330 501 1409 Φοινίκης
518 1326 551 1400 ές
565 1321 718 1409 Κρήτην,
734 1323 769 1389 έα
784 1320 916 1407 Κρήτης
931 1321 1001 1389 δέ’
983 1348 1026 1399 ες
1029 1329 1093 1442 Λη-

105 1432 190 1511 ιιί.ην
226 1449 330 1491 ταυτα
345 1424 409 1507 μέν
425 1448 490 1489 νυν
510 1425 562 1489 ἐπὶ
581 1426 718 1488 τοσοντο
741 1419 904 1506 εἰρήσθω·
934 1434 1021 1493 τοῖσι
1029 1444 1096 1508 γαρ

106 1520 350 1604 νομιζομένοισι
365 1515 477 1585 αὐτῶν
489 1514 690 1602 χρησόμεθα.
738 1584 742 1593 ,
999 1572 1002 1577 .

62 1628 95 1681 46
183 1613 219 1682 Ὁ
234 1618 270 1681 δέ
285 1613 451 1691 Πόντος
437 1613 642 1697 οΕὐξεινος,
665 1608 754 1678 ἐπ’
743 1611 783 1683 όν
798 1608 1011 1699 έστρατεύετο
1025 1623 1093 1681 Δα-

108 1727 211 1799 ρείος,
222 1715 357 1796 χωρέων
368 1711 501 1777 πασέων
511 1711 684 1794 παρέχεται
696 1713 757 1795 ἔξω
770 1735 831 1781 τον
816 1716 1026 1781 Σκυθικοῦ
1039 1715 1094 1778 ἔθ-

107 1835 167 1877 νεα
181 1804 408 1893 ἀμαθέστατα·
452 1803 528 1872 οὐτε
538 1803 603 1890 γὰρ
619 1811 720 1891 ἔθνος
736 1813 804 1872 των
820 1804 913 1887 έυτός
932 1833 994 1876 του
979 1806 1092 1877 Πόν

109 1930 167 1973 του
185 1903 285 1971 οὐθέν
299 1909 416 1989 ἔχομεν
435 1904 663 1989 προβαλέσθαι
686 1911 804 1991 σοφίης
824 1908 917 1991 πέρι,
946 1905 1025 1972 οὐτε
1038 1902 1092 1973 όν-

109 2010 170 2093 όροι
190 2004 305 2090 λόγιον
328 2007 465 2088 οίέαμευ
481 2003 682 2087 γενόμενον,
713 2002 816 2099 πόρεξ
837 2010 899 2070 τοῦ
918 2007 1092 2073 Σκυθικοῦ,

107 2107 225 2176 ἔθνεος
248 2097 532 2182 ιιοιίἈναχόρσιος.
574 2123 620 2185 τφ
642 2098 678 2163 δὲ
696 2092 859 2186 Σαυθιιιφ
873 2101 976 2182 γένεϊ.
982 2100 1091 2164 &vv
1038 2099 1091 2183 μὲν

104 2193 142 2262 τό
167 2196 322 2279 μέγιστον
348 2200 415 2259 τῶν
438 2190 666 2279 ἀνθρωπηίων
684 2194 895 2280 πρηγμάτων
916 2196 1091 2283 σοφώτατα

103 2291 240 2359 πάντων
260 2289 447 2377 ἐξεύρηται,
472 2297 539 2357 τῶν
559 2286 652 2375 ἡμεῖς
674 2293 787 2377 ἴδμεν,
818 2317 859 2357 τοι
847 2288 994 2379 μέγτοι
1017 2290 1091 2359 όίλλα

104 2385 175 2456 οὐκ·
189 2385 322 2473 όίγαμοιι.
365 2412 402 2453 το
392 2380 455 2454 όὲ
471 2383 674 2470 μέγιστον
638 2410 726 2451 ουτω
737 2405 804 2483 σφι
821 2383 1005 2475 ιἰυεύρηται
1017 2386 1090 2454 όέστε

104 2481 295 2604 όηοφυγειυ
318 2507 353 2551 τε
373 2486 498 2570 μηθένα
514 2481 700 2550 ἐπελθόντα
714 2476 766 2550 ἐπὶ
783 2486 895 2601 σφέας,
912 2511 967 2571 μη
946 2478 1090 2573 βουλο-

104 2583 225 2664 μένους
250 2604 285 2646 τε
306 2582 521 2669 ἐξευρεθῆναι
550 2584 749 2697 ηαταλαβείυ
763 2607 822 2701 μη
805 2575 910 2647 οἷόν
936 2606 973 2648 τε
996 2579 1089 2648 εἶναι

106 2687 190 2741 τοῖσι
212 2699 276 2760 γαρ
297 2672 377 2760 μήτε
400 2672 499 2742 ἄστεα
518 2674 601 2763 μήτε
621 2668 776 2762 τείχεαἻ
753 2701 776 2764 η
796 2678 986 2771 έατισμίνα
1014 2672 1091 2745 όλλύ

106 2770 274 2890 φερέοικοι
293 2771 404 2850 ἐόντες
418 2770 540 2850 πάντες
555 2774 635 2839 έωσι
648 2770 877 2858 ἱπποτοξόται,
899 2727 1037 2863 ζόούτες
1052 2797 1090 2859 μη

106 2863 164 2933 ὐπ’
183 2863 324 2952 οιρότον,
345 2865 419 2935 ἀλλ’
437 2864 503 2934 ἄπο
491 2863 723 2988 ιιτηνέων,ο
704 2865 869 2955 οίιιήματό
880 2872 921 2937 τέ
931 2886 1001 2989 σφι
1007 2899 1029 2959 η
1015 2864 1093 2938 ’ἐπὶ

106 2962 260 3053 ζευγέων,
276 2988 342 3040 κως
356 2959 419 3030 οὐκ
433 2958 478 3030 όν
492 2973 609 3051 είησαν
621 2954 715 3033 οὗτοι
732 2960 854 3057 ἄμαχοί
861 2988 903 3035 τε
906 2960 1001 3035 καί
971 2991 1093 3058 αποροι

59 3065 230 3144 λίπροσμί
228 3079 342 3146 σγεινς
361 3057 550 3161 Εξεύρηται
572 3062 614 3128 δέ
630 3080 690 3147 σφι
704 3066 808 3129 ταύτα
823 3086 894 3151 της
893 3085 929 3128 τε
944 3066 1006 3147 γῆς
1021 3061 1094 3130 έοό-

102 3175 161 3240 σης
175 3157 346 3244 ἐπιτηδέης
359 3150 419 3225 καί.
427 3164 496 3227 τῶν
509 3163 669 3242 ποταμῶν
680 3158 806 3226 ἐόντων
820 3174 884 3244 σφι
896 3156 1093 3243 συμμαχωυ·

100 3246 125 3330 ἥ
139 3273 174 3315 τε
188 3246 305 3336 γὰρ
262 3277 303 3336 γη
325 3254 425 3319 έουσα
439 3249 616 3332 πεθιόις“
569 3279 654 3340 αντη
671 3253 817 3341 ποιόέης
835 3254 940 3321 τεκαὶ
954 3250 1096 3337 εὐυδρός

102 3346 187 3431 έστι,
208 3354 354 3431 ποταμοί
370 3374 405 3415 τε
419 3347 464 3416 δι’
483 3344 586 3439 αὐτῆς
607 3352 721 3437 ῥέουσι
742 3348 784 3419 οὐ
806 3342 918 3440 πόλλῷ
938 3353 1002 3442 τέφ
1021 3349 1092 3439 ριρι·
