2354 3840
350 225 433 281 LIB.
461 213 487 280 Ἰ.
521 223 619 282 ΟᾹΡ.
655 221 796 279 ὐ9-61.
1030 215 1072 280 29

62 388 155 473 ἔχειν
171 395 316 472 γυναῖκα
329 384 381 451 ἐπὶ
396 389 436 472 τῇ
450 386 634 470 τυραννίδι.
652 382 876 468 ἐνδεξαμένου
890 384 925 450 δὲ
940 378 1000 450 τόν
1012 379 1071 449 λό·

61 508 129 571 γον
145 481 202 550 καὶ
216 475 487 570 ὁμολογήσαντος
509 482 562 550 έπλ
584 479 731 549 τούτοισι
748 481 990 568 Πεισιστράτου
1005 506 1070 566 μη-

59 582 243 671 ’χανέονται
257 576 297 668 δή
322 581 376 648 έπί
396 586 436 670 τῇ
459 580 590 671 κατόδφ
611 584 748 666 πρῆγμα
763 576 1006 665 εὐηθέστατον,
1025 575 1070 656 άς

61 677 132 768 ἐγὼ
150 675 313 766 εὑρίσκω,
334 685 469 771 μακρῷ,
490 680 564 749 έπεί
578 703 616 763 γε
633 674 801 765 ἀπεκρίθη
817 682 853 748 έκ
868 679 1070 763 παλαιτέρου

61 784 128 848 τοῦ
144 776 322 867 βαρβάρου
337 781 455 856 ἔθνεος
468 773 505 845 τό
515 771 712 863 Ἑλληνικόν
726 773 783 845 {av
799 778 853 845 καλ
874 774 1070 859 δεξιώτερον

18 916 21 937 2
62 879 123 946 καί
133 873 292 962 εὐηθείης
305 870 709 963 ήλιθίουάπηλλαγμένον
723 880 863 962 μᾶλλον,
883 879 912 942 εί
925 876 979 942 καὶ
996 870 1070 940 τότε

61 1000 105 1063 γε
121 965 216 1043 οὗτοι
230 975 266 1042 έν
275 970 482 1059 Ἀθηναίοισι
498 986 582 1041 τοῖσι
595 972 755 1061 πράτοισι
767 973 973 1058 λεγομένοισι
985 968 1067 1039 εἶναι

66 1070 237 1160 Ελλήνων
254 1075 378 1157 σοφίην
397 1071 615 1159 μηγαυέονται
631 1071 752 1140 τοιάδε.
788 1067 843 1139 Ἐν
856 1078 902 1162 τῷ
917 1068 1009 1160 δήμῳ
1025 1076 1070 1155 τῷ

55 1170 227 1257 ,Παιανιέί
243 1160 286 1256 ήν
296 1164 395 1255 γυνή,
410 1174 450 1257 τῇ
464 1166 594 1254 οὕνομα
607 1161 650 1256 ήν
658 1168 745 1255 Φόη,
759 1170 907 1255 μέγαθος
918 1165 983 1236 άπὸ
995 1185 1071 1234 τεσ-

60 1272 178 1357 σέρων
198 1268 329 1355 πηχέων
343 1264 570 1335 άπολείπουσα
592 1280 679 1356 τρεῖς
692 1267 879 1347 δακτύλους
894 1269 948 1334 καὶ
964 1264 1071 1340 άλλως

61 1365 208 1454 εὐειδής.
244 1363 369 1452 ταύτην
395 1360 456 1452 τήν
481 1378 624 1451 γυναῖκα
646 1365 870 1444 σκευάσαντες
892 1373 1069 1454 πανοπλίῃ,

63 1469 103 1546 ές
118 1463 208 1552 ἅρμα
224 1465 460 1552 ἐσβιβάσαντες
482 1466 537 1533 καλ
559 1466 778 1552 προδέξαντες
800 1471 925 1551 σχῆμα,
946 1459 1020 1533 οἷόν
1041 1493 1071 1532 τι

61 1571 185 1652 έμελλε
197 1560 462 1650 εὐπρεπέστατον
477 1565 663 1650 φανέεσθαι
675 1569 807 1650 ἔχουσα,
821 1559 970 1651 ήλαυνου
985 1566 1018 1644 ές
1033 1565 1068 1632 τό

65 1662 171 1746 άστυ,
189 1660 403 1749 προδρόμους
417 1661 567 1750 κήρυκας
583 1663 855 1748 προπέμψαντες,
876 1669 911 1731 οἳ
922 1661 962 1730 τά
980 1665 1072 1731 έντε-

66 1759 214 1845 ταλμένα
225 1754 392 1849 ἠγόρευον
403 1760 436 1838 ές
447 1756 484 1828 τό
496 1757 581 1829 άστυ
593 1757 803 1847 ἀπικόμενοι,
815 1763 968 1848 λέγοντες
978 1760 1072 1830 τοιά-

66 1864 123 1927 δε·
149 1848 188 1924 Ὠ
205 1853 394 1944 Ἀθηναῖοι,
424 1859 563 1926 δέκεσθε
585 1854 705 1948 άγαθῷ
726 1857 1071 1950 νόφΠεισίστρατου,

67 1953 132 2024 τόν
149 1952 230 2045 αὐτή
245 1952 265 2044 ή
278 1953 438 2042 Ἀθηναίη
454 1955 619 2042 τιμήσασα
631 1952 826 2042 ἀνθρώπων
837 1957 978 2043 μάλιστα
991 1985 1072 2026 κατ-

64 2053 146 2139 άγει
167 2057 199 2133 ές
221 2050 283 2141 τήν
297 2056 421 2140 ἑωυτῆς
443 2050 638 2141 άκρόπολιν.
671 2057 716 2120 Os
733 2050 857 2140 μὲνδή
881 2061 983 2122 ταῦτα
998 2059 1072 2122 δια-

68 2152 260 2238 φοιτέοντες
280 2157 414 2238 έλεγου,
438 2147 558 2219 αὐτίκα
578 2152 614 2220 δὲ
636 2155 670 2230 ές
689 2176 724 2218 τε
739 2149 817 2230 τούς
832 2151 959 2241 δήμους
974 2154 1072 2239 φάτις

67 2246 222 2336 άπίκετο,
238 2245 283 2328 ὡς
293 2246 454 2335 Ἀθηναίη
468 2255 710 2336 Πεισίστρατον
727 2250 880 2339 κατάγει,
903 2254 957 2321 καὶ
973 2253 1009 2319 ἐν
1026 2257 1071 2340 τῷ

67 2342 1072 2436 άστείπευθόμενοιτήνγυναίκαεἶναιαὐτήντήυθεόνπροσ-

68 2443 210 2530 εύχοντό
243 2473 278 2516 τε
307 2449 369 2536 τήν
399 2449 582 2539 ἄνθρωπον
612 2450 668 2517 καὶ
695 2450 846 2516 ἐδέκοντο
872 2454 1071 2535 Πεισίστρα-

69 2567 140 2611 τον.
171 2538 364 2631 Ἀπολαβόυ
378 2545 414 2612 δὲ
429 2543 492 2631 τήν
507 2547 691 2626 τυραννίδα
712 2545 825 2637 τρόπφ
849 2554 894 2638 τῷ
911 2550 1072 2639 είρημένρι
1084 2567 1117 2623 61

67 2642 87 2711 ὁ
107 2648 341 2730 Πεισίστρατος
356 2640 440 2711 κατά
453 2639 516 2731 τήν
528 2639 710 2730 ὁμολογίην
724 2641 786 2732 τήν
801 2643 1074 2733 πρόςΜεγακλέα

66 2740 256 2827 γενομένην
270 2740 385 2826 γαμέει
402 2746 464 2808 τοῦ
480 2743 677 2826 Μεγακλέος
691 2738 753 2828 τήν
768 2746 948 2833 θυγατέρα.
969 2739 1021 2814 οἷα
1037 2746 1073 2813 δὲ

68 2838 200 2905 παίδων
214 2838 252 2904 τέ
263 2840 298 2904 οί
310 2834 533 2926 ὑπαρχόντων
545 2845 708 2925 νεηνιέων
724 2842 779 2909 καλ
793 2845 983 2929 λεγομένων
994 2846 1073 2912 ένα-

65 2937 157 3023 γέωυ
172 2932 257 3004 εἶναι
274 2933 644 3025 τάνἈλκμαιοινιδέωυ,
660 2935 703 3006 οὐ
713 2937 921 3027 βουλόμενός
935 2943 969 3006 οί
977 2944 1073 3025 γενέ-

69 3045 151 3104 σθαι
175 3038 212 3104 έκ
232 3041 290 3122 τής
315 3037 485 3125 νεογάμου
508 3035 669 3126 γυναικός
691 3040 789 3106 τέκνα
810 3039 961 3125 ἐμίσγετό
978 3045 1012 3109 οί
1030 3039 1072 3109 οὐ

67 3132 153 3205 κατὰ
167 3133 284 3223 νόμου.
314 3136 354 3205 τά
369 3137 432 3223 μέν
447 3166 513 3207 νυν
529 3145 644 3228 πρῶτα
659 3144 802 3227 ἔκρυπτε
817 3146 920 3208 ταῦτα
936 3139 955 3230 ἡ
973 3141 1071 3232 γυνή,

67 3231 151 3322 μετά
173 3233 227 3322 δὲ,
249 3244 314 3304 είτε
330 3237 508 3327 ίστορεόση
523 3246 589 3306 είτε
612 3239 666 3306 καλ
684 3232 726 3305 οδ
736 3289 745 3325 ,
762 3238 880 3325 φράζει
895 3244 934 3327 τῇ
949 3242 1072 3326 ἑωυτῆς

67 3333 213 3425 μητρὶ,ή
232 3339 268 3407 δὲ
282 3344 327 3430 τῷ
342 3334 450 3426 άνδρί.
474 3336 534 3406 τόν
550 3343 586 3407 δὲ
601 3337 715 3407 δεινόν
730 3364 759 3406 τι
772 3343 844 3423 ἔσχε
857 3334 1072 3423 ἀτιμάζεσθαι

66 3431 152 3522 πρός
167 3436 419 3522 Πεισιστράτου.
440 3433 524 3525 ὀργή
540 3439 586 3525 δὲ,
606 3434 649 3517 ὥς
666 3435 740 3523 εἶχε,
756 3433 998 3503 καταλλάσσετο
1010 3432 1073 3522 τήν
