2354 3840
344 220 428 279 LIB.
460 224 506 279 lV.
550 222 646 279 cAP.
679 230 802 288 8-11.
1012 229 1074 292 2⁹9

71 378 127 443 καὶ
144 370 206 442 τόν
228 380 374 464 ζωστῆρα
399 381 605 466 προδέξαντα
626 388 834 469 παραδοῦναι
857 386 894 455 τό
916 387 1015 468 τόξον
1037 416 1073 457 τε

71 473 127 540 καὶ
140 467 201 539 τόν
212 476 360 561 ζωστῆρα
374 480 491 561 ἔχοντα
502 475 554 544 ἐπ’
570 476 676 564 άκρης
688 487 745 565 τῆς
759 492 928 571 συμβολῆς
946 487 1073 574 φιάλην

70 574 232 661 χρυσέην,
251 572 354 643 δόντα
369 576 405 644 δέ
421 574 712 665 ἀπαλλάσσεσθαι,
734 578 796 667 τὴν
811 580 862 670 δ’,
885 587 959 652 ἐπεί
970 588 1004 652 οἱ
1013 611 1072 671 γε·

70 673 235 759 νομένονς
246 670 324 752 τούς
338 673 701 762 παλδαςάνδρωθῆναι,
712 683 884 764 τοῦτομὲν
896 701 957 766 σφι
969 680 1072 750 ούνό·

69 796 156 858 ματα
177 771 321 854 θέσθαι,
342 779 388 862 τῷ
404 771 466 858 μέν
484 769 698 860 Ἀγάθυρσον
718 771 848 863 αὐτῶν,
870 784 916 867 τῷ
937 775 969 844 δ’
993 782 1071 846 ἑπο-

69 872 161 959 μένφ
176 871 350 954 Γελωνόν,
375 871 523 955 Σκύθην
544 871 580 938 δὲ
592 877 638 960 τῷ
656 870 826 963 νεωτάτῳ,
849 877 999 944 τοῦτοδὲ
1014 882 1070 962 τῆς

69 970 242 1054 ἐπιστολῆς
262 972 476 1055 μεμνημένην
496 966 603 1054 αὐτὴν
622 975 758 1055 ποιῆσαι
779 967 819 1036 τά
841 974 1067 1058 ἐντεταλμένα.

55 1065 125 1149 ,καὶ
139 1061 180 1151 δη
196 1064 258 1132 δύο
279 1068 340 1150 μέν
360 1069 394 1148 ολ
405 1071 475 1133 τῶν
490 1070 635 1153 παίδων,
657 1067 717 1133 τόν
732 1092 768 1133 τε
785 1064 998 1155 Ἀγάθυρσον
1015 1073 1069 1138 καὶ

68 1159 130 1229 τόν
143 1163 317 1249 Γελωνόν,
339 1161 401 1231 οὐκ
421 1167 514 1242 οἵους
533 1189 569 1231 τε
583 1167 785 1248 γενομένους
799 1168 965 1244 ἐξικέσθαι
986 1167 1069 1254 πρός

69 1258 130 1328 τόν
144 1267 364 1347 προκείμενον
378 1259 515 1343 άεθλον,
526 1271 677 1346 οἴχεσθαι
692 1265 729 1329 ἐκ
744 1270 803 1348 τῆς
822 1265 931 1352 γάρης
948 1270 1067 1353 ἐκβλη-

68 1360 192 1439 θέντας
213 1357 280 1427 ὑπό
305 1368 362 1445 τῆς
383 1361 596 1446 γειναμένης,
624 1356 684 1427 τόν
707 1361 744 1427 δέ
766 1360 933 1430 νεάτατον
955 1361 1067 1430 αὐτόν

68 1456 215 1544 Σκύθην
230 1459 461 1526 ἐπιτελέσαντα
476 1469 669 1542 καταμεῖναι
687 1459 724 1523 ἐν
739 1463 779 1546 τῇ
795 1458 894 1546 χάρη.
929 1462 984 1526 καὶ
1001 1457 1066 1528 άπό

68 1556 130 1642 μέν
144 1555 292 1623 Σκύθεω
305 1562 366 1623 τοῦ
382 1554 561 1640 Ἡρακλέος
573 1559 733 1640 γενέσθαι
743 1552 823 1634 τούς
837 1559 900 1625 αἰεὶ
913 1560 1067 1645 βασιλέως

67 1656 267 1740 γινομένους
280 1653 465 1736 Σκυθέων,
481 1648 546 1718 άπό
562 1653 598 1718 δέ
610 1658 668 1737 τῆς
679 1652 801 1737 φιάλης
816 1658 863 1720 ἔτι
879 1656 934 1722 καλ
945 1657 978 1732 ἐς
991 1655 1066 1723 τόδε

68 1749 192 1839 φιάλας
208 1753 327 1817 ἐκτῶν
348 1749 524 1836 ζωστήρων
539 1751 676 1835 φορέειν
692 1751 843 1828 Σκύθας.
858 1749 909 1838 [τό
925 1749 965 1839 δη
981 1759 1066 1837 μοῦ-

67 1873 130 1915 νον
144 1849 400 1935 μηχανήσασθαι
415 1845 476 1933 τὴν
490 1849 615 1933 μητέρα
628 1845 775 1934 Σκύθηλ,
785 1854 888 1912 ταῦτα
903 1849 938 1912 δὲ
950 1846 1065 1933 Ἑλλή-

66 1972 138 2015 νων
153 1951 189 2015 oc
199 1947 261 2016 τόν
274 1949 410 2015 Πόντον
424 1949 587 2024 οἰκέοντες
601 1947 744 2031 λέγουσι.

140 2045 232 2116 ’Ἐστι
247 2050 283 2114 δὲ
300 2048 354 2114 καὶ
369 2044 468 2124 άλλος
482 2046 580 2130 λόγος
595 2050 679 2130 έχων
695 2035 775 2128 άδε,
793 2049 839 2133 τῷ
852 2044 993 2128 μάλιστα
1008 2053 1064 2113 λε-
1081 2072 1106 2124 11

64 2149 196 2236 γομένφ
212 2142 312 2223 αὐτός
327 2145 544 2230 πρόσκειμαι,
561 2142 704 2219 Σκύθας
721 2138 800 2219 τοὺς
814 2141 963 2227 νομάδας
977 2143 1064 2208 οἰκέ-

64 2269 164 2320 οντας
178 2245 216 2309 ἐν
228 2249 268 2330 τῇ
279 2239 370 2329 Ἀσίη
384 2242 518 2330 πολέμφ
527 2242 725 2314 πιεσθέντας
736 2235 803 2305 όπό
816 2242 1063 2325 Μασσαγετέων

63 2349 215 2424 οἴχεσθαι
227 2341 406 2426 διαβάντας
416 2335 567 2423 ποταμόν
576 2335 716 2421 Ἀράξην
724 2337 776 2402 ἐπὶ
787 2343 851 2421 γῆν
861 2336 924 2423 τὴν
935 2346 1063 2424 Κιμμε·

62 2443 141 2521 ρίην
162 2433 239 2522 (τὴν
258 2436 322 2522 γάρ
344 2443 410 2503 νύν
430 2441 586 2520 νέμονται
604 2434 758 2517 Σκύθαι,
780 2431 864 2520 αὕτη
879 2438 1007 2520 λέγεται
1024 2436 1062 2502 τό

62 2532 208 2602 παλαιόν
223 2534 307 2602 εἶναι
322 2539 547 2622 Κιμμερίων),
570 2530 648 2610 τοὺς
670 2532 706 2597 δὲ
723 2538 928 2617 Κιμμερίους
948 2533 1063 2600 ἐπιόν-

61 2657 131 2699 των
144 2635 314 2700 Σκυθέων
326 2632 567 2719 βουλεύεσθαι,
584 2627 628 2707 ὡς
639 2635 782 2713 στρατοῦ
793 2629 944 2710 ἐπιόντος
958 2632 1062 2718 μεγά-

61 2739 141 2815 λου,
159 2731 213 2796 καὶ
228 2729 269 2815 δὴ
284 2728 342 2809 τάς
356 2731 490 2817 γνώμας
501 2731 616 2816 σφέων
627 2730 886 2815 κεχωρισμένας,
903 2731 1060 2807 ἐντόνους

60 2829 124 2912 μδν
140 2822 344 2913 ἀμφοτέρας,
367 2825 492 2914 άμείνω
514 2827 550 2894 δέ
563 2823 706 2911 τὴντῶν
720 2826 902 2911 βασιλέων·
923 2823 984 2911 τὴν
998 2826 1060 2910 μέν

59 2923 126 3010 γάρ
141 2920 181 3010 δὴ
196 2931 258 2991 τοῦ
275 2925 383 3011 δήμου
405 2927 521 3009 φέρειν
543 2925 697 3009 γνώμην,
721 2919 765 2998 ὡς
786 2918 1059 2988 ἀπαλλάσσεσθαι

59 3027 196 3106 πρῆγμα
213 3029 264 3104 ελη
287 3019 372 3104 μηδέ
396 3018 481 3106 πρός
498 3019 643 3098 πολλούς
668 3020 744 3087 δέον
757 3021 918 3104 μένοντας
940 3023 1059 3086 κινδυ·

59 3120 191 3207 νεύειν,
210 3119 272 3206 τὴν
286 3122 322 3186 δὲ
336 3127 404 3187 τῶν
417 3122 581 3207 βασιλέων
596 3119 816 3204 διαμάχεσθαι
832 3119 977 3204 περὶτῆς
992 3117 1058 3203 χά-

58 3248 120 3309 (³²19
140 3232 224 3288 τοῖσι
244 3222 384 3287 ἐπιοῦσι.
417 3217 480 3286 οὐκ
497 3212 546 3285 τόν
567 3216 608 3303 δὴ
630 3221 761 3285 ἐθέλειν
782 3223 963 3286 πείθεσθαι
980 3216 1058 3285 ούτε
1132 3246 1135 3251 ·

57 3332 144 3387 τοῖσι
159 3326 332 3405 βασιλεῦσι
348 3315 409 3385 τόν
423 3322 530 3404 δῆμον
545 3316 623 3384 ούτε
638 3323 683 3405 τςό
699 3317 791 3405 δήμῳ
803 3313 882 3396 τούς
892 3319 1054 3404 βασιλέας.

57 3414 138 3494 τούς
153 3415 215 3500 μέν
236 3414 277 3501 δὴ
295 3414 568 3484 ἀπαλλάσσεσθαι
590 3416 814 3503 βουλεύεσθαι
837 3413 976 3503 άμαχητλ
995 3412 1059 3500 την
1118 3427 1124 3438 ’

1028 3506 1096 3610 .

1027 3586 1031 3593 .
