2354 3840
338 183 423 241 LIB.
453 184 487 241 ΙΙ.
531 183 628 242 cn.
660 191 801 246 21-26.
1013 182 1072 248 127

61 366 125 426 την
153 336 247 421 οἰκός
274 345 378 428 διψῆν
401 366 438 409 τε
465 339 603 410 ὑδάτων
626 342 770 427 μάλιστα
795 348 850 414 καλ
869 342 909 414 τά
930 345 1072 434 έχχώρια

60 437 215 525 ότῦμιιτα
229 446 454 528 μαραίνεσθαι
468 445 538 509 τόν
554 446 722 526 ποταμῶν.
760 438 819 522 Ὡς
838 441 876 511 δέ
895 445 934 511 έν
954 445 1069 512 πλέονι
1084 462 1118 515 25

65 533 155 628 λόγῳ
175 541 342 625 δηλῦσαι,
366 529 433 607 ώδε
454 543 538 623 έχει·
566 535 700 618 διεξιών
720 545 779 625 τῆς
794 540 924 627 Λιβύης
943 538 984 607 τά
999 537 1070 608 ῦνω

62 629 188 721 ὑῆλιυς
201 635 282 704 τάδε
290 636 416 705 ποιέει·
431 632 493 701 ἅτε
507 631 564 702 διά
579 633 704 714 παντὸς
717 642 779 703 τοῦ
792 637 919 724 χρόνον
931 644 1070 722 αίθρίου

60 758 97 802 τε
111 733 229 815 δόντες
242 739 305 803 τοῦ
320 730 420 822 ἠέρος
434 738 497 799 τοῦ
517 729 601 800 κατὰ
616 739 719 800 ταῦτα
738 731 779 800 τά
798 741 903 820 χωρία
919 739 975 805 καλ
992 736 1069 804 άλε·

61 839 153 921 εινῆς
170 838 229 919 τῆς
242 830 353 919 χώρης
367 827 505 916 έοῦσης,
534 826 598 898 οὑκ
623 828 751 898 έόντων
770 827 904 919 άνάιων
919 840 1067 920 υυχρῦν,

61 927 197 1011 διεξιών
212 931 319 998 ποιέει
332 924 408 997 οἷόν
428 951 491 1016 περ
509 931 565 997 καλ
580 927 618 996 τό
633 932 737 1017 θέρος
754 936 842 1000 έωθε
863 936 989 1001 ποιέειν
1006 931 1068 1000 ἰών

60 1028 98 1097 τό
114 1031 221 1116 μέσον
235 1035 297 1096 τοῦ
311 1025 472 1112 οὑρανοῦ.
509 1031 598 1097 έλκει
614 1026 680 1118 γάρ
697 1027 750 1099 ἐπ’
767 1029 896 1100 έωυτόν
910 1030 947 1100 τό
962 1031 1066 1118 ῦδωρ,

61 1127 206 1206 ἑλκύσας
219 1125 257 1196 δέ
275 1123 425 1195 άπωθέει
438 1128 472 1205 ές
487 1124 529 1194 τά
544 1124 616 1194 άνω
630 1135 751 1215 χωρία,
773 1128 1067 1216 ὑπολαμβάνοντες

61 1228 98 1293 δέ
114 1228 149 1292 οἱ
162 1222 281 1310 άνεμοι
298 1226 354 1292 καλ
370 1225 623 1304 διασκιδνάντες
643 1225 799 1312 τήκουσι·
823 1234 882 1294 καί
896 1233 959 1294 είσι
975 1226 1067 1294 οίκό-

60 1349 126 1403 τως
140 1327 176 1392 ολ
186 1319 252 1392 άπδ
267 1322 389 1410 ταύτης
404 1330 462 1410 τῆς
477 1324 588 1412 χώρης
609 1326 783 1408 πνέοντες,
812 1320 832 1391 ό
845 1349 881 1391 τε
900 1324 998 1402 νότος
1013 1325 1067 1390 καλ

60 1420 80 1492 ὑ
94 1425 167 1509 w,
191 1418 328 1509 άνέμων
342 1420 470 1490 πολλόν
484 1429 552 1489 τῦν
565 1423 705 1489 πάντων
720 1420 922 1490 ὑετιώτατοι.
959 1423 1066 1488 δοκέει

60 1524 101 1590 δέ
127 1544 186 1607 μοι
211 1519 291 1590 οὑδὲ
314 1528 384 1590 πᾶν
410 1519 448 1589 τὸ
469 1520 563 1608 ῦδωρ
584 1520 622 1589 τδ
646 1524 781 1591 έπέτεον
805 1521 959 1590 ἑκάστοτε
981 1518 1067 1588 άπο-

61 1623 253 1707 πέμπεσθαι
267 1627 329 1689 τοῦ
342 1627 471 1689 Νείλου
486 1617 505 1689 ό
520 1619 626 1708 ἥλιος,
651 1618 736 1690 άλλά
751 1624 806 1689 καὶ
823 1619 1067 1691 ὑπολείπεσθαι

59 1721 138 1802 περὶ
152 1717 288 1787 ἑωυτόν.
324 1720 565 1805 πρηϋνομένου
579 1718 616 1787 δέ
630 1725 692 1787 τοῦ
710 1727 871 1805 χειμῶνος
890 1716 1065 1803 ἀπέρχεται

59 1815 189 1905 ὁιῖλιος
209 1818 242 1895 ές
264 1817 369 1902 μέσον
383 1813 444 1885 τόν
462 1814 614 1905 οῦρανδν
629 1813 752 1902 ὀπίσω,
780 1819 835 1884 καλ
849 1816 885 1884 τό
904 1818 1065 1884 ἐνθεῦτεν

57 1914 124 2004 ἤδη
145 1912 267 2002 ὁμοίως
287 1913 354 1984 άπό
376 1916 515 1984 πάντων
535 1919 626 1984 ἕλκει
640 1922 708 1984 τῶν
725 1920 891 2000 ποταμῦν.
933 1915 1013 1992 τέως
1028 1915 1064 1981 δὲ

58 2021 93 2086 οέ
104 2015 171 2104 μὲν
186 2011 329 2102 ὀμβρίου
343 2014 466 2095 ῦδατος
487 2017 761 2103 συμμισγομένου
778 2020 905 2082 πολλοῦ
922 2010 1063 2097 αὑτοῖσι,

59 2115 118 2184 ἅτε
130 2113 277 2204 ὑομένης
292 2143 327 2184 τε
347 2125 406 2204 τῆς
419 2116 529 2205 χώρης
544 2120 599 2184 καλ
615 2118 927 2203 κεχαραδρωμένης,
950 2117 1063 2202 δέουσι

58 2215 218 2302 μεγάλοι,
239 2223 301 2285 τοῦ
322 2219 358 2285 δέ
381 2221 502 2302 θέρεος
522 2223 590 2285 τεόν
610 2243 645 2284 τε
666 2215 804 2304 ὄμβρων
824 2215 1063 2286 ἐπιλειπόντων

58 2311 184 2392 αὑτοὺς
203 2315 259 2382 καλ
281 2310 349 2383 ὑπό
371 2321 432 2383 τοῦ
448 2311 547 2402 ἡλίου
567 2314 743 2400 ἑλκόμενοι
758 2312 918 2392 άσθενέες
935 2319 1006 2382 είσί.
1043 2309 1062 2381 ὁ

57 2416 94 2482 ῦδ
108 2419 234 2493 Νεῖλος
249 2410 315 2482 έών
330 2412 518 2503 ἄνομβρος,
540 2414 719 2500 ἑλκόμενος
739 2415 776 2482 δέ
794 2413 859 2482 ὑπό
876 2420 938 2481 τοῦ
953 2410 1062 2500 ἡλίου,

56 2516 185 2596 μοῦνος
215 2519 375 2597 ποταμῦν
406 2519 527 2581 τοῦτον
554 2509 614 2579 τδν
644 2511 769 2598 χρόνον
796 2511 934 2588 οίκότως
962 2507 1063 2587 αὑτός

56 2610 187 2676 ἑωυτοῦ
207 2609 275 2695 ῥέει
296 2616 409 2701 πολλῷ
430 2607 669 2695 ὑποδεέστερος
695 2603 717 2695 ἢ
740 2615 802 2676 τοῦ
824 2610 960 2692 θέρεος·
988 2607 1063 2676 τότε

56 2707 118 2790 μὲν
132 2702 199 2791 γάρ
213 2703 295 2791 μετά
311 2707 451 2775 πάντων
466 2715 535 2775 τῦν
549 2705 685 2775 ὑδάτων
700 2717 776 2776 ίσου
790 2709 929 2793 ἕλκεται,
951 2704 1012 2773 τδυ
1026 2708 1062 2773 δὲ

56 2809 204 2888 χειμῦνα
229 2811 356 2888 μοῦνος
380 2808 531 2887 πιέζεται.
572 2803 663 2873 οῦτω
689 2802 750 2873 τόν
772 2803 870 2891 ἥλιον
900 2802 1061 2888 νενόμικα

54 2900 187 2971 τούτων
201 2911 309 2970 αέτιον
323 2899 419 2970 εἶναι.
450 2911 566 2982 Αλτιος
581 2904 617 2971 δέ
634 2901 742 2982 ώυτδς
757 2895 855 2981 οὗτος
870 2897 953 2968 κατὰ
968 2899 1058 2982 γνώ·
1075 2912 1109 2966 2⁶

54 3026 122 3086 μην
139 2995 203 3086 τὴν
219 2996 303 3087 ἐμὴν
316 3002 373 3069 καὶ
388 2986 449 3069 τδν
464 2997 547 3088 ἠέρα
561 2999 666 3088 ξηρόν
676 2998 737 3069 τόν
753 3000 858 3089 ταύτῃ
873 2997 969 3082 εἶναι,
987 3000 1061 3063 δια-

54 3105 162 3167 καίων
173 3094 235 3182 τὴν
252 3096 401 3180 διέξοδον
415 3100 558 3168 ἑωυτοῦ·
586 3098 676 3169 οῦτω
702 3107 760 3187 τῆς
780 3098 909 3188 Λιβύης
928 3093 968 3164 τά
990 3093 1060 3162 άνω

52 3200 157 3281 θέρος
170 3197 237 3263 αίελ
253 3199 389 3282 κατέχει.
431 3201 462 3264 εί
473 3197 510 3264 δέ
525 3193 546 3282 ἡ
563 3197 678 3277 στάσις
693 3195 836 3284 ἤλλακτο
850 3202 919 3264 τών
934 3192 1059 3282 ὡρέων,

53 3299 109 3364 καὶ
129 3301 192 3362 τοῦ
211 3290 363 3381 οὐρανοῦ
382 3302 423 3384 τῇ
441 3295 505 3382 μέν
524 3303 591 3364 νῦν
612 3295 630 3364 ὁ
648 3301 768 3384 βορέης
782 3322 817 3364 τε
831 3297 887 3365 καὶ
902 3292 920 3364 ό
935 3290 1059 3381 χειμών

52 3397 184 3479 ἑστᾶσι,
206 3390 311 3481 ταῦτη
331 3395 393 3479 μὲν
413 3401 475 3463 τοῦ
494 3394 598 3463 νότου
618 3387 662 3480 ἦν
682 3391 703 3481 ἡ
724 3397 838 3475 στάσις
858 3395 914 3463 καλ
928 3400 985 3478 τῆς
999 3420 1058 3479 με-
