2354 3840
308 209 409 267 ΗΒ.
442 209 461 263 1.
496 206 593 264 cAP.
624 211 799 270 ἰδέ-139.
1027 207 1070 269 76

62 367 154 455 παρὰ
169 372 244 454 τῇσι
257 368 390 453 γυναιξί
405 370 536 435 δίαιταν
552 370 626 452 έχει.
659 369 759 434 τοῦδε
774 369 810 434 δ
825 371 953 436 εἵνεκεν
968 373 1066 435 τοῦτο

62 462 153 535 οὑτω
168 466 333 551 ποιέεται,
355 457 448 531 ilva*
426 489 471 551 ην
487 460 648 552 ἀποδόνη
664 464 888 551 τρεφόμενος,
902 468 1068 551 μηδεμίαν

62 560 152 648 ἀσην
174 567 221 651 τῷ
244 561 344 646 πατρί
367 559 629 649 προσβάλη.Α
595 563 707 630 Αίνέω
727 565 790 648 μέν
809 588 876 630 νυν
895 561 1043 632 τόνδε
1008 588 1070 631 τον
1086 574 1135 631 137

62 656 212 783 νόμον,
216 662 316 727 αἰνέω
341 658 379 728 δί
395 661 452 726 καί
463 659 580 745 τόνδε,
606 656 644 727 τό
667 656 712 745 μή
727 668 804 745 μιής
818 666 924 747 αἰτίης
938 664 1069 728 εἵνεκεν

61 757 145 847 μήτε
169 755 275 826 αὑτὸν
293 754 356 826 τόν
375 760 513 845 βασιλέα
532 760 661 844 μηδένα
686 759 864 845 φονεύειν,
890 757 973 846 μήτε
999 766 1067 827 τῶν

62 854 176 925 ἄλλων
195 857 355 943 Περσέων
375 859 502 941 μηδένα
522 862 591 923 τῶν
611 858 739 924 ἑαυτοῦ
759 860 914 925 οἰκετέων
936 861 989 927 έπί
1008 864 1067 946 μιη

62 960 150 1043 αἰτίη
176 951 362 1041 ἀνήκεστον
386 954 499 1033 πόθος
514 956 643 1042 ἕρδειν·
685 952 769 1023 ἀλλὰ
790 956 1010 1040 λογισάμενος
1022 952 1067 1042 ἦν

62 1051 202 1141 εὑρίσκη
229 1055 318 1121 πλέω
345 1079 381 1120 τε
408 1055 464 1120 καί
489 1055 573 1139 μέζω
596 1050 637 1120 τά
664 1051 850 1141 ἀδικήματα
876 1053 974 1123 έόντα
997 1062 1067 1122 τῶν

60 1150 350 1238 ὑπουργημάτων,
373 1148 462 1218 οὕτω
483 1157 530 1242 τῷ
549 1157 652 1242 θυμῷ
666 1159 792 1239 χρᾶται.
822 1149 1015 1221 ἀποκτείναι
1030 1154 1067 1222 δέ

22 1332 25 1337 Ι
61 1247 186 1319 οὐδένα
211 1274 260 1316 κω
285 1253 421 1335 λέγουσι
446 1247 507 1317 τὸν
532 1251 661 1317 ἑωυτοῦ
682 1252 807 1332 πατέρα
830 1248 909 1317 οὐδὲ
929 1254 1065 1338 μητέρα,

23 1348 27 1353 ’
60 1343 145 1416 ἀλλὰ
166 1342 272 1415 ὁκόσα
283 1343 349 1434 ήδη
367 1354 506 1416 τοιαῦτα
521 1350 669 1434 ἐγένετο,
690 1354 802 1415 πᾶσαν
817 1345 970 1435 ἀνάγκην
984 1350 1066 1435 φασί

61 1443 307 1534 ἀναζητεόμενα
334 1454 439 1515 ταῦτα
465 1441 509 1513 όν
534 1443 718 1532 εὑρεθῆναι
742 1446 815 1534 ἤτοι
840 1446 1066 1535 ὑποβολιμαῖα

62 1543 161 1614 ἰόντα
184 1541 207 1632 6
231 1549 392 1632 μοιχίδια·
433 1542 475 1613 οὐ
494 1542 561 1631 γὰρ
582 1544 625 1631 δή
640 1564 723 1631 φασι
746 1544 838 1625 οἰκός
853 1544 938 1614 εἰναι
952 1546 1013 1614 τόν
1026 1573 1065 1630 γε

62 1640 216 1729 ἀληθέως
235 1644 332 1711 τοκέα
353 1641 421 1712 ὑπὸ
442 1650 505 1711 τοῦ
525 1644 655 1712 ἑωυτοῦ
679 1641 798 1724 παιδός
822 1643 1064 1735 ἀποθνήσκειν.

56 1737 160 1807 ’Ἀσσα
174 1741 215 1807 δέ
224 1759 287 1826 σφι
301 1744 428 1809 ποιέειν
441 1739 505 1808 οὐκ
519 1744 641 1828 ἔξεστι,
662 1748 766 1810 ταῦτα
789 1740 869 1812 οὐδὲ
890 1746 1000 1830 λέγειν
1015 1748 1068 1823 ἐξ·
1086 1762 1134 1815 130

62 1857 140 1906 εστι.
184 1847 355 1924 αἴσχιστον
376 1837 572 1907 δέάἀτοῑσι
592 1835 630 1905 τὸ
653 1840 840 1918 ψεύδεσθαι
861 1841 1065 1927 νενόμισται,

62 1936 202 2021 δεότερα
223 1934 315 2005 δὲ
280 1963 318 2005 το
339 1935 489 2023 ὀφείλειν
508 1938 620 2023 χρέος,
644 1944 780 2004 πολλων
800 1938 862 2023 μέν
882 1941 937 2005 καί
954 1936 1066 2006 ἀλλων

62 2039 203 2121 εἵνεκεν,
217 2036 360 2120 μάλιστα
374 2036 411 2103 δὲ
424 2033 612 2121 ἀναγκαίην
619 2033 745 2120 φασί
715 2060 800 2102 ειναι
813 2033 874 2103 τόν
889 2033 1065 2148 ὀφείλοντα

61 2141 121 2202 καί
141 2159 174 2200 τι
197 2135 322 2213 ψεῦδος
346 2135 464 2218 λέγειν.
506 2130 543 2210 ὃς
563 2158 607 2198 αν
627 2132 664 2200 δ
684 2138 752 2198 τῶν
772 2128 884 2200 ἀστων
904 2121 1065 2218 λέπρηνή

60 2233 188 2318 λεύκην
208 2237 282 2319 έχη,
306 2234 339 2310 ές
359 2233 460 2299 πόλιν
480 2222 580 2309 οὗτος
601 2255 643 2297 ου
631 2227 863 2317 ’κατέρχεται,
885 2226 965 2298 οὐδὲ
980 2251 1065 2346 συμ-

59 2339 212 2420 μίσγεται
233 2345 318 2399 τοισι
340 2328 470 2398 ἀλλοισι
492 2333 651 2417 Πέρσησι.
697 2329 779 2414 φασί
804 2331 843 2395 δι’
865 2354 924 2413 μιν
948 2330 981 2406 ἐς
1005 2324 1066 2395 τὸν

58 2421 160 2518 ἥλλυν
180 2425 372 2516 ἁμαρτόντα
391 2453 424 2495 τι
442 2433 546 2495 ταῦτα
561 2431 658 2511 ἔχειν.
705 2428 815 2504 ξεῖνον
830 2425 867 2493 δ
882 2422 991 2491 πάντα
1005 2420 1067 2491 τόν

59 2526 359 2617 λαμβανόμενον
340 2523 408 2594 υπὸ
428 2525 559 2594 τούτων
581 2522 797 2603 ἐξελαύνουσι
817 2524 854 2590 έκ
862 2529 932 2646 τής
945 2520 1064 2608 χώρης,

59 2632 181 2698 πολλοὶ
200 2630 256 2697 καί
275 2624 335 2707 τὰς
354 2623 477 2705 λευκὰς
506 2621 719 2712 περιστερὰς,
744 2619 808 2710 τήν
829 2619 936 2710 αὑτήν
956 2629 1065 2708 αἰτίην

59 2729 285 2813 ἐπιφέροντες.
322 2727 357 2806 ές
379 2722 531 2811 ποταμόν
552 2724 589 2793 δὲ
604 2721 681 2791 οὔτε
697 2727 892 2811 ἐνουρέουσι
914 2721 990 2791 οὔτε
1006 2720 1065 2808 ἐμ

59 2821 223 2911 πτόουσι,
246 2819 288 2890 οὐ
301 2835 413 2910 χεῖρας
429 2819 696 2910 ἐναπονίζονται,
719 2820 798 2891 οὐδὲ
817 2820 922 2891 ἄλλον
943 2820 1066 2891 οὐδένα

59 2921 292 3008 περιορέουσι,
317 2916 402 2993 ἀλλὰ
428 2924 583 3008 σέβονται
608 2919 778 3007 ποταμοὺς
804 2919 956 3006 μάλιστα.
1002 2923 1066 2989 Kal
1083 2932 1132 2989 1³9

59 3020 140 3089 τόδε
161 3017 242 3088 ἀλλο
264 3037 326 3105 σφι
349 3009 415 3087 οἶδε
436 3022 657 3105 συμπέπτωκε
675 3026 848 3104 γίνεσθαι,
874 3014 911 3085 τό
932 3019 1065 3104 Πέρσας

59 3123 125 3208 μέν
141 3115 266 3198 αὐτοὺς
280 3121 420 3205 λέληθε,
436 3115 539 3203 ἡμέας
553 3121 667 3204 μέντοι
682 3115 731 3185 οὔ.
760 3113 800 3183 τὰ
815 3113 987 3201 οὑνόματά
1002 3135 1065 3202 σφι

59 3216 164 3288 ἐόντα
178 3213 277 3302 ὁμοία
296 3230 383 3284 τοῖσι
397 3216 527 3303 στόμασι
542 3220 599 3284 καί
615 3223 655 3304 τῇ
668 3221 933 3303 μεγαλοπρεπείῃ
948 3225 1064 3285 τελευ-

60 3320 175 3388 τέουσι
191 3317 300 3387 πάντα
325 3321 358 3398 ές
381 3312 489 3386 τολυτὸ
506 3315 660 3406 γράμμα,
688 3314 726 3384 τό
745 3316 890 3404 Δωριέες
914 3315 977 3402 μέν
1003 3314 1068 3382 σάν

60 3420 233 3504 καλέουσι,
243 3417 357 3498 Ἴωνες
375 3417 413 3486 δέ
428 3422 538 3505 σίγμα.
575 3419 608 3495 ές
620 3422 719 3484 τοῦτο
732 3415 898 3503 διζήμενος
912 3412 1066 3499 εὑρήσεις
