2354 3840
67 183 141 246 '24
477 187 723 249 HERODOTI

99 348 203 424 nitent
218 338 279 410 τὸν
295 340 382 414 θεὸν
392 342 520 430 μᾶλλόν
535 370 566 411 τι
580 345 728 413 τούτοισι
744 342 1007 436 άνακτὴσεσθαι·
1029 356 1100 419 Av-
1127 348 1134 355 ’

100 449 191 512 δοϊσί
201 469 236 511 τε
251 448 335 511 πᾶσι
349 455 488 531 προεῖπε
508 444 612 512 θύειν
628 444 738 512 πάντα
755 441 830 512 τινά
852 443 965 514 αὐτῶν
990 450 1098 534 τοῦτο,

100 539 120 609 ὅ
137 569 168 609 τι
184 547 251 628 έχοι
266 543 412 620 ἕκαστος.
451 538 496 621 ὡς
510 535 547 610 δὲ
561 545 597 610 ἐκ
620 548 677 628 τῆς
692 548 816 629 θυσίης
830 545 977 630 ἐγένετο,
999 564 1100 612 καταέ

99 639 259 725 χεάμενος
269 635 397 726 χρυσδν
408 636 553 708 άπλετον
563 637 764 728 ἡμιπλίνθια
775 638 1108 730 έξαάτοῦέξὴλαυυε,

100 739 153 805 ἐπὶ
170 739 236 823 μὲν,
252 733 293 804 τά
308 737 498 826 μακρότερα
519 740 642 806 ποιέων
668 737 904 825 ἑξαπάλαιστα,
926 741 979 807 ἐπὶ
1003 740 1039 808 δέ
1058 736 1112 808 τοὶ

100 837 288 926 βραχύτερα
302 838 533 926 τριπάλαιστα,
547 837 634 920 ὕψος
650 839 686 905 δὲ
700 847 930 925 παλαιστιαῖα,
952 836 1121 926 άριθμδν

101 940 137 1007 δὲ
148 940 365 1006 ἑπτακαίδεκα
379 940 433 1006 καί
448 937 577 1023 ἑκατόν,
593 940 648 1005 καὶ
662 936 792 1007 τούτων
803 933 963 1023 ἀπέφθου
972 943 1121 1024 χρυσοῦ

100 1041 255 1125 τέσσερα,
276 1042 389 1124 τρίτον
409 1033 635 1123 ἡμιτάλαντον
663 1037 803 1102 ἕκαστον
824 1037 980 1118 ἕλκοντα,
1001 1030 1040 1101 τά
1063 1035 1119 1100 δὲ

100 1137 184 1207 άλλα
206 1133 408 1225 ἡμιπλίνθια
428 1143 553 1205 λευκοῦ
574 1141 719 1223 χρυσοῦ,
742 1130 895 1219 σταθμὸν
910 1133 1105 1201 διτάλαντα.

100 1240 244 1306 ἐποιέετο
260 1237 364 1304 δὲκαὶ
380 1238 514 1314 λέοντος
528 1234 642 1303 εἰκόνα
657 1236 784 1321 χρυσοῦ
796 1227 966 1317 άπέφθου,
982 1233 1110 1299 ἕλκου-

100 1357 163 1404 σαν
179 1331 333 1420 σταθμόν
348 1334 494 1403 τάλαντα
512 1336 600 1402 δέκα.
624 1324 723 1408 οὗτος
738 1327 756 1397 ὁ
773 1331 870 1414 λέων,
894 1329 1001 1397 ἐπείτε
1020 1355 1099 1396 κατ-

99 1440 226 1502 εκαίετο
245 1428 263 1501 ὁ
281 1435 491 1520 ένΔελφολσι
508 1436 600 1518 νηός,
612 1432 770 1498 κατέπεσε
784 1425 849 1496 άπὸ
862 1436 930 1496 τῶν
941 1425 1099 1517 ἡμιπλιν-

98 1539 187 1600 θίων
211 1534 276 1600 ἐπὶ
295 1529 361 1620 γάρ
385 1531 533 1600 τούτοισι
555 1532 686 1616 ἵδρυτο·
728 1528 782 1595 καὶ
797 1533 863 1594 νῦν
879 1529 988 1596 κέεται
1003 1530 1099 1617 ἐντῷ

98 1634 296 1718 Κορινθίων
318 1635 500 1719 θησαυρῷ,
524 1631 631 1695 ἕλκων
646 1621 801 1711 σταθμὸν
822 1627 967 1712 ἕβδομον
979 1623 1096 1714 ἡμιτά-

54 1751 84 1801 ει
98 1737 238 1796 λαντον·
255 1722 403 1812 άπετάκρ
411 1723 477 1812 γάρ
485 1722 589 1792 αὐτοῦ
598 1727 756 1811 τέταρτον
764 1719 998 1811 ἡμιτάλαντον.
1010 1723 1097 1795 Ἐπι-

100 1828 233 1903 τελέσας
247 1823 283 1890 δὲ
298 1820 316 1891 ὁ
334 1831 480 1911 Κροῖσος
496 1829 599 1890 ταῦτα
615 1819 788 1909 άπέπεμπε
805 1827 838 1903 ές
852 1823 1027 1912 Δελφοὺς,
1046 1828 1098 1893 καί

100 1925 179 1993 τάδε
191 1920 275 1991 άλλα
293 1920 363 2008 ἅμα
379 1921 543 1990 τούτοισι·
570 1929 737 2041 κρητῆρας
754 1922 817 1991 δύο
835 1923 980 2009 μεγάθεϊ
995 1924 1098 2011 μεγά-

99 2033 191 2136 λους,
198 2019 342 2107 χρυσεον
349 2019 404 2087 και
415 2042 594 2106 αργυρεον,
601 2044 669 2086 των
680 2045 698 2086 ο
685 2015 772 2105 μὲν
778 2022 918 2108 χρυσεος
933 2025 1041 2091 έκέετο
1049 2025 1099 2091 έπι

100 2114 191 2198 δεξιά
207 2115 331 2184 ἐσιόντι
354 2112 435 2194 ές
401 2141 462 2183 τον
477 2113 579 2203 νηὸν,
595 2143 613 2185 ο
601 2114 703 2184 δὲ’
673 2119 849 2238 αρράρεορ
866 2117 949 2188 ἐπΗ
930 2122 1098 2210 αριστερά.

101 2215 369 2304 μετεκινήθησαν
386 2216 422 2282 δέ
436 2217 491 2282 καὶ
508 2207 602 2283 οὗτοι
617 2213 683 2283 ὑπὸ
705 2212 766 2284 τὸν
779 2214 864 2303 νὴὀν
883 2221 1100 2306 κατακαέντα,

97 2311 182 2383 καὶ
168 2340 186 2381 ο
202 2313 264 2397 μὲν
277 2313 418 2433 χράρεος
430 2314 539 2381 κέεται
555 2315 593 2381 έν
609 2339 655 2402 τρι
641 2320 907 2401 Κλαζομενίων
922 2325 1099 2409 θησαυρῷ,

97 2417 205 2480 ἕλκων
225 2409 380 2498 σταθμὸν
401 2419 534 2480 είνατον
554 2409 780 2498 ἡμιτάλαντον
799 2416 855 2483 καὶ
876 2420 923 2482 ἐτι
947 2412 1100 2484 δυάδεκα

96 2514 209 2598 μνέας,
228 2507 246 2579 ὁ
265 2511 301 2578 δέ
317 2507 482 2600 άργάρεος
499 2512 551 2578 έπλ
560 2516 622 2578 τοῦ
631 2517 798 2598 προνηίου
812 2517 871 2598 τῆς
882 2518 1017 2599 μανίης,
1032 2537 1099 2598 χο·
1126 2590 1129 2597 ,

98 2614 185 2698 ρέων
200 2605 372 2697 ἀμφορέας
387 2612 595 2690 ἑξακοσίους·
617 2612 825 2700 ἐπικίρναται
845 2609 910 2701 γάρ
925 2610 992 2682 ὑπὸ
1008 2622 1101 2683 Δελ-
1125 2616 1128 2621 ’

98 2712 175 2794 φάν
190 2713 418 2791 Θεοφανίοισι.
448 2709 529 2793 φασὶ
550 2711 590 2776 δέ
607 2736 668 2795 μιν
682 2713 812 2797 Δελφοὶ
829 2713 1016 2802 ’Θεοδώρου
1038 2718 1101 2781 τοῦ
1126 2778 1129 2785 .

98 2810 238 2890 Σαμίου
249 2810 350 2891 ἔργον
367 2803 462 2891 εἶναι,
478 2808 534 2873 καὶ
548 2804 612 2892 ἐμοὶ
629 2809 751 2874 δοκέω·
773 2806 896 2897 οὐγὰρ
919 2807 956 2877 τὸ
972 2831 1101 2877 συντυ-

97 2905 159 2994 χὸν
177 2911 330 2991 φαίνεταί
343 2932 400 2992 μοι
416 2911 516 2995 ἔργον
531 2904 625 2975 εἶναι.
647 2909 703 2976 καὶ
723 2915 848 2987 πίθους
862 2935 899 2978 τε
913 2906 1101 3031 άργυρέους

97 3011 253 3092 τέσσερας
266 3003 449 3095 άπέπεμψε,
464 3009 545 3076 οἳέυ
555 3033 601 3096 τρι
587 3013 765 3095 Κίορινθ
764 3033 812 3074 ων
823 3014 987 3097 θησαυρῷ
1003 3009 1101 3075 ἑστᾶ-

98 3136 142 3200 σι,
155 3112 211 3179 καί
220 3107 476 3200 περιρραντήρια
484 3105 548 3177 δάο
557 3103 714 3194 ἀνέθηκε,
726 3103 871 3195 χρύσεόν
883 3132 919 3174 τε
927 3104 1011 3174 καὶ’
991 3107 1134 3195 αρχά·Ι

60 3301 63 3306 ¹
99 3239 187 3302 ρεον,
197 3207 1134 3328 τῶντῷχρυσέριέπιχέχραπταιΛακεδαιμονίωυφαμέ-,
1126 3162 1134 3255 1

98 3339 168 3381 νυν
177 3313 289 3399 σφέων
303 3307 416 3380 εἶναι’
397 3306 566 3396 ανάθημυ,
580 3302 643 3376 οάκ
652 3303 765 3396 ὀρθῶς
774 3307 940 3392 λέγοντες·
960 3308 1075 3376 ἐστι
1036 3324 1134 3399 yae!

99 3414 155 3480 καὶ
173 3437 270 3480 τουτο
280 3416 442 3499 Κροίσου,
460 3409 626 3496 ἐπέγραψε
643 3405 742 3476 δέ’
697 3433 765 3476 των
778 3433 825 3486 τις
833 3411 981 3494 Δελφων
990 3416 1134 3479 Λακε

1129 3548 1134 3559 d

1128 3602 1131 3611 ι

1132 3626 1134 3635 ι
