2354 3840
335 208 418 262 LIB.
452 206 496 262 ΠΙ.
531 209 630 264 cm.
667 214 809 269 ξολ-57.
1011 213 1072 276 241

146 363 408 448 Λακεδαιμόνιοι
423 364 459 429 δὲ
474 363 581 453 στόλφ
592 365 726 455 μεγάλω
742 364 787 444 ὡς
802 365 973 456 ἀπίκοντο,
992 349 1115 444 ἐνόν-ει

59 456 218 544 λιόρκεον
235 458 370 545 Σάμον·
392 459 642 544 προσβαλόντες
666 462 702 528 δὲ
722 460 806 549 πρὸς
827 462 864 532 τό
885 481 991 551 τεῖχος
1010 475 1072 536 τοῦ

59 558 124 643 μὲν
140 552 225 641 πρὸς
234 554 391 644 θαλάσση
403 558 559 634 ἑστεῶτος
573 557 708 644 πύργου
722 559 805 628 κατά
819 560 857 630 τὰ
871 565 1072 651 προάστειον
1165 561 1168 566 ’

59 660 119 740 τῆς
134 653 250 731 πόλιος
271 655 454 739 ἐπέβησαν,
476 652 558 738 μετά
574 656 611 722 δὲ
630 653 736 723 αὐτοῦ
765 661 985 746 βωθησαντος
998 669 1072 729 Πο-

59 750 244 835 λυκράτεος
257 753 341 837 χειρί
354 758 460 836 πολλῇ
474 749 709 840 ἀπηλάθησαν.
733 753 816 822 κατά
832 758 869 824 δὲ
882 755 942 825 τόν
957 760 1071 827 ἐπάνω

59 848 195 934 πύργον
209 847 269 916 τὸν
291 851 343 916 ἐπὶ
363 854 421 934 τῆς
435 848 549 935 ῥάχιος
562 857 624 917 τοῦ
641 849 760 939 οὔρεος
775 854 915 922 ἐπεόντα
933 858 1070 942 ἐπεξῆλ-

58 958 129 1017 θον
144 952 180 1015 οί
194 975 229 1016 τε
241 950 414 1031 ἐπίκουροι
426 949 480 1015 καί
496 945 608 1015 αὐτῶν
619 958 760 1035 Σαμίων
777 955 911 1038 συχνοὶ,
934 955 1072 1039 δεξάμε-

59 1073 116 1115 νοι
131 1048 168 1115 δὲ
183 1045 262 1126 τοός
275 1051 566 1132 Λακεδαιμονίους
580 1046 632 1115 ἐπ’
652 1045 769 1133 ὀλίγον
781 1052 907 1138 χρόνον
923 1059 1070 1139 ἐφενγον

58 1146 167 1217 ὀπίσω
177 1174 187 1243 ᾗ
206 1153 240 1216 οί
252 1149 289 1215 δέ
304 1149 521 1232 ἐπισπόμενοι
535 1153 694 1215 ἔκτεινον.
728 1156 772 1218 El
779 1152 842 1236 μέν
856 1178 922 1219 νον
933 1157 967 1221 οί
980 1171 1111 1241 παρ-55

59 1246 173 1324 εόντες
184 1249 460 1330 Λακεδαιμονίων
472 1245 582 1331 ὁμοῖοι
597 1247 751 1330 ε’γένοντο
768 1249 894 1336 ταύτην
909 1251 972 1338 την
986 1251 1068 1340 ἡμέ-

59 1369 125 1430 ρην
137 1341 248 1432 Ἀρχίη
261 1369 296 1410 τε
311 1345 366 1411 καὶ
381 1342 548 1429 Λυκάπη,
570 1342 691 1427 αίρέθη
706 1337 750 1409 άν
764 1344 888 1431 Σάμος.
940 1347 1067 1435 Ἀρχίης

57 1440 124 1529 γάρ
146 1443 201 1509 καὶ
224 1440 392 1527 Λυκώπης
416 1446 539 1526 μοῦνοι
562 1439 826 1519 συνεσπεσόντες
846 1445 1013 1530 φεάγουσι
1034 1448 1067 1524 ἐς

60 1538 96 1609 τὸ
112 1555 216 1627 τεῖχος
230 1553 316 1607 τοῖσι
330 1545 505 1625 Σαμίοισι,
523 1539 578 1607 καὶ
592 1535 874 1625 ἀποκληισθέντες
888 1549 945 1628 τῆς
960 1540 1066 1611 ὀπίσω

58 1638 144 1705 ὁδοῦ
169 1635 344 1705 ἀπέθανον
370 1640 407 1705 ἐν
426 1643 466 1725 τη
484 1635 563 1704 πόλι
584 1643 625 1724 τῇ
645 1644 793 1722 Σαμίων.
827 1646 925 1727 τρίτφ
949 1643 985 1708 δὲ
1005 1638 1065 1708 ἀπ’

53 1736 189 1824 Ἀρχίεω
211 1737 334 1804 τούτου
358 1735 512 1823 γεγονότι
537 1732 627 1825 άλλφ
650 1732 760 1823 Ἀρχίη
783 1743 829 1827 τῷ
850 1743 984 1824 Σαμίου
1004 1746 1065 1805 τοῦ

53 1843 190 1925 Ἀρχίεω
204 1833 304 1914 αὐτὸς
322 1840 358 1904 ἐν
376 1836 505 1923 Πιτάνη
521 1834 752 1919 συνεγενόμην
766 1837 891 1923 (δήμου
904 1836 970 1924 γάρ
984 1839 1066 1904 τού-

56 1963 118 2005 του
131 1929 208 2023 ἦν),
230 1931 268 2013 ὃς
283 1940 401 2015 ξείνων
422 1934 560 2001 πάντων
580 1932 722 2018 μάλιστα
743 1935 835 2019 ἐτίμα
849 1960 884 2002 τε
900 1943 1063 2022 Σαμίους,

56 2042 116 2104 καί
127 2040 162 2103 οί
173 2040 219 2125 τῷ
234 2037 334 2119 πατρὶ
348 2039 412 2118 ἐφη
426 2031 561 2116 Σάμιον
581 2027 731 2116 τοῦνομα
745 2037 902 2118 τεθῆναι,
925 2029 975 2099 ὅτι
997 2038 1031 2100 οί
1044 2028 1062 2098 ὁ

56 2131 165 2220 πατὴρ
184 2129 311 2217 Ἀρχίης
334 2133 371 2198 ἐν
388 2130 494 2221 Σάμφ
517 2125 716 2213 ἀριστεύσας
736 2129 941 2217 ἐτελεύτησε·
963 2138 1064 2216 τιμᾶν

56 2231 93 2299 σε
107 2235 260 2315 Σαμίους
274 2233 357 2315 ἐφη,
381 2226 465 2294 διότι
481 2232 630 2311 ταφῆναί
641 2229 676 2293 οί
687 2223 748 2293 τὸν
767 2226 906 2294 πάππον
921 2232 1063 2314 όημοσίη

57 2326 121 2398 ὑπό
138 2333 288 2412 Σαμίων.
333 2324 593 2410 Λακεδαιμόνιοι
607 2323 661 2406 δὲ,
685 2320 729 2402 ὥς
746 2343 806 2409 σφι
820 2325 1062 2410 τεσσεράκοντα
1072 2344 1106 2399 56

57 2428 256 2515 ἐγεγόνεσαν
277 2422 398 2511 ἡμέραι
420 2423 656 2504 πολιορκέουσι
673 2420 809 2504 Σάμον,
833 2422 866 2497 ἐς
886 2418 924 2486 τό
947 2420 1063 2505 πρόσω

56 2554 90 2596 τε
111 2524 215 2596 οόὀέν
235 2523 458 2611 προεκόπτετο
479 2527 548 2590 τῶν
565 2517 785 2606 πρηγμάτων,
808 2516 1061 2586 ἀπαλλάσσοντο

54 2629 88 2705 ἐς
101 2622 378 2708 Πελοπόννησον.
413 2617 458 2698 ὡς
472 2620 508 2686 δὲ
524 2614 542 2684 ὁ
561 2614 774 2703 ματαιότερος
788 2615 887 2701 λόγος
903 2613 1061 2715 ὥρμηται,

53 2726 184 2808 λέγεται
195 2719 414 2805 Πολυκράτεα
427 2719 606 2804 ἐπιχώριον
617 2714 764 2801 νόμισμα
774 2714 925 2797 κόψαντα
935 2715 1062 2786 πολλόν

53 2821 229 2909 μολύβδου
252 2820 555 2905 καταχρυσώσαντα
573 2821 696 2884 δοῦναί
714 2834 792 2902 σφι,
810 2813 889 2894 τούς
908 2817 944 2884 δὲ
966 2822 1063 2896 δεξα-

53 2921 177 3006 μένους
191 2917 282 2986 οότω
297 2914 338 3003 ὀὴ
354 2916 639 2986 ἀπαλλάσσεσθαι.
663 2913 790 2997 ταύτην
809 2912 944 2998 πράτην
961 2933 1063 3000 στρα-

52 3025 150 3105 τηίην
165 3020 198 3095 ἐς
213 3013 275 3103 την
287 3014 399 3101 Ἀσίην
414 3014 674 3102 Λακεδαιμόνιοι
686 3012 835 3096 Δωριέες
851 3012 1059 3095 ἐποιήσαντο.

54 3122 98 3186 Oi
111 3114 143 3184 δ’
160 3118 213 3185 ἐπὶ
223 3113 285 3183 τόν
295 3115 516 3201 Πολυκράτεα
531 3109 812 3197 στρατευσάμενοι
824 3111 973 3191 Σαμίων,
990 3109 1060 3177 ἐπεὶ
1069 3128 1100 3184 57

52 3219 86 3284 oc
97 3212 359 3300 Λακεδαιμόνιοι
375 3208 500 3291 αὐτοὺς
515 3210 708 3280 ἀπολείπειν
724 3211 878 3292 ἔμελλον,
894 3207 949 3272 καὶ
964 3203 1059 3275 αὐτοί

49 3309 229 3380 ἀπέπλωον
249 3312 282 3389 ἐς
305 3315 456 3396 Σίφνον·
489 3308 666 3397 χρημάτων
690 3301 756 3391 γάρ
778 3304 926 3388 ἐδέοντο,
953 3301 993 3369 τά
1018 3301 1055 3370 όέ

50 3416 119 3479 τάν
128 3415 285 3496 Σιφνίων
299 3409 477 3493 πρήγματα
492 3405 611 3494 ἤκμαζε
626 3410 748 3473 τοῦτον
760 3398 821 3468 τόν
836 3399 976 3487 χρόνον,
999 3399 1053 3466 καὶ

137 3520 236 3558 mon.
252 3505 272 3558 1.
884 3498 917 3549 16
1061 3526 1126 3622 Ι
