2354 3840
349 195 430 252 ιτα.
461 196 502 251 ιιι.
539 195 632 254 σεε.
663 199 781 253 15-19.
840 204 842 209 ’
1003 189 1065 254 221

59 372 121 436 τοῦ
136 364 293 452 Ἀμάσιος
312 365 442 434 ἐντολαὶ
460 357 557 440 αὗται
575 369 613 436 αλ
629 368 661 448 ἐς
679 365 740 454 τήν
757 364 867 454 ταφήν
885 393 920 436 τε
938 367 994 435 και
1006 366 1068 434 τόν

60 465 250 557 ἀνθρωπον
281 471 416 555 ἔχουσαι
439 462 481 537 ού
504 494 560 555 μοι
585 468 739 538 δοκέουσι
765 465 872 557 ἀρχήν
896 467 1068 555 γενέσθαι,

60 567 171 647 ἀλλως
190 562 224 635 δ’
245 565 330 636 αάτά
349 564 529 654 Αἰγύπτιοι
548 574 704 657 σεμνοῦν.

140 665 235 739 Μετά
253 667 291 736 δέ
304 674 411 737 ταύτα
424 666 442 737 ὁ
456 669 641 758 Καμβύσης
656 668 879 758 ἐβουλεύσατο
890 675 1066 759 τριφασίας
1088 686 1119 736 17

62 774 252 857 στρατηίας,
271 771 329 838 ἐπί
337 797 374 841 τε
389 776 641 861 Καρχηδονίους
654 773 710 841 καὶ
723 771 777 840 ἐπὶ
792 768 999 859 Ἀμμωνίους
1013 770 1070 838 καὶ

62 874 119 940 ε’πλ
134 869 214 951 τούς
232 879 437 962 μακροβίους
457 880 646 960 Αδθίοπας,
668 873 868 961 οἰκημένους
886 871 924 941 δέ
941 870 1069 960 Λιβύης

63 972 119 1041 ἐπὶ
133 978 174 1062 τή
188 976 283 1063 νοτίη
298 971 465 1064 θαλάσση.
483 975 719 1067 βουλευομένῳ
735 975 776 1042 δέ
785 977 821 1043 oc
831 975 925 1055 ἔδοξε
939 973 993 1041 ἐπὶ
1007 972 1070 1060 μἐν

62 1077 319 1161 Καρχηδονίους
336 1073 398 1144 τόν
414 1075 574 1144 ναυτικόν
593 1074 735 1163 στρατόν
754 1072 988 1160 ἀποστέλλειν,
1015 1075 1070 1142 ἐπὶ

63 1173 102 1243 δέ
116 1171 325 1262 Ἀμμωνίους
343 1177 406 1246 τού
417 1182 515 1260 πεζοῦ
529 1173 769 1265 ἀποκρίναντα,
789 1177 844 1244 ἐπὶ
858 1173 896 1243 δέ
908 1173 989 1254 τούς
1003 1180 1069 1254 Αί-Ι

62 1280 187 1356 θίοπας
199 1274 364 1356 κατόπτας
377 1282 530 1368 πρῶτον,
549 1273 739 1364 ὀψομένους
750 1303 786 1345 τε
798 1275 860 1362 τὴν
874 1276 910 1342 ἐν
923 1273 1070 1342 τούτοισι

62 1389 149 1445 τοῖσι
166 1381 312 1460 Αίθίουι
328 1378 512 1466 λεγομένην
529 1375 615 1446 εἶναι
631 1374 731 1465 ἡλίου
749 1375 929 1465 τράπεζαν,
955 1380 987 1443 εί
1003 1380 1071 1444 ἐστι

63 1472 237 1565 ἀληθέως,
256 1455 407 1565 καίπρός
422 1478 528 1566 ταύτῃ
541 1476 582 1546 τά
597 1477 683 1548 ἀλλα
695 1465 957 1566 κατοψομένους,
975 1480 1069 1563 δῶρα

63 1578 103 1646 δὲ
119 1583 167 1670 τῷ
184 1577 274 1672 λόγῳ
286 1580 451 1668 φέροντας
469 1585 516 1672 τῷ
526 1582 658 1667 βασιλέι·
668 1575 793 1648 αύτῶν.
821 1577 864 1649 Ἡ
875 1576 913 1647 δέ
926 1576 1069 1667 τράπεζα
1088 1594 1122 1647 18
1162 1654 1165 1662 ,

63 1683 126 1748 τού
143 1676 242 1767 ήλίου
260 1679 370 1767 τοιήδε
387 1708 436 1762 τις
449 1682 584 1766 λέγεται
606 1679 707 1750 εἶναι·
733 1678 859 1768 λειμῶν
883 1681 951 1748 ἐστι
970 1681 1006 1747 ἐν
1023 1684 1070 1770 τῷ

64 1789 254 1873 προαστείῳ
273 1783 428 1861 ἐπίπλεος
446 1787 556 1869 κρεῶν
575 1783 692 1870 ἑφθῶν
711 1781 848 1849 πάντων
864 1785 934 1848 τῶν
952 1806 1068 1866 τετρα-

64 1880 200 1969 πόδων,
228 1885 261 1962 ἐς
277 1880 337 1951 τόν
356 1881 415 1964 τάς
438 1883 501 1970 μὲν
518 1880 644 1964 νύκτας
663 1880 918 1968 ἐπιτηδεύοντας
941 1880 1072 1948 τιθέναι

64 1981 105 2051 τά
122 1983 203 2072 κρέα
220 1981 299 2064 τούς
320 1985 357 2052 ἐν
370 1984 459 2053 τέλει·
476 1983 635 2064 έκάστους
655 1982 769 2062 ἐόντας
787 1986 856 2051 τῶν
868 1977 994 2065 ἀστῶν,
1011 1977 1071 2058 τὰς

64 2083 104 2152 δέ
122 2082 245 2174 ἡμέρας
264 2089 447 2154 δαίνυσθαι
460 2083 640 2175 προσιόντα
652 2083 712 2155 τόν
723 2080 945 2171 βουλόμενον·
965 2079 1072 2169 φάναι

65 2185 105 2253 δέ
122 2182 203 2265 τούς
222 2189 422 2276 ἐπιχωρίους
445 2191 551 2256 ταῦτα
575 2185 637 2274 τήν
654 2191 720 2276 χήν
745 2183 852 2273 αύτήυ
873 2180 1072 2252 ἀναδιδόναι

67 2286 231 2355 έκάστοτε.
258 2284 279 2374 ή
297 2288 360 2374 μὲν
378 2285 420 2374 δή
438 2287 580 2376 τράπεζα
592 2295 653 2358 τοῦ
665 2285 764 2374 ἡλίου
778 2286 963 2373 καλεομένη
977 2284 1072 2370 λέχε-

66 2413 120 2454 ται
137 2385 223 2457 εἶναι
245 2388 365 2476 τοιήδε.
409 2388 577 2478 Καμβύση
602 2390 640 2458 δὲ
659 2387 704 2468 ῶς
722 2391 815 2469 ἐδοξε
831 2387 974 2473 πέμπειν
990 2382 1070 2464 τούς
1091 2400 1124 2452 19

66 2488 310 2577 κατασκόπους,
328 2487 450 2559 αὐτίκα
466 2492 690 2578 μετεπέμπετο
709 2492 741 2570 ἐξ
757 2486 991 2575 Ἐλεφαντίνης
1008 2483 1072 2552 πό-

69 2598 138 2671 λιος
155 2595 225 2659 τῶν
245 2588 480 2680 Ἰχθυοφάχων
498 2588 636 2676 ἀνδρῶν
654 2589 732 2669 τούς
753 2586 993 2676 ἐπισταμένους
1011 2582 1073 2672 τήν

68 2697 256 2760 Αἰθιοπίδα
280 2695 448 2778 γλῶσσαν.
491 2696 527 2760 ἐν
554 2685 581 2784 ᾧ
605 2691 644 2760 δέ
667 2691 807 2772 τούτους
830 2689 1011 2779 μετήισαν,
1037 2689 1074 2755 ἐν

68 2790 177 2885 τούτῳ
197 2791 329 2862 ἐκέλευε
343 2794 398 2862 ἐπὶ
410 2791 472 2880 τήν
485 2792 688 2884 Καρχηδόνα
702 2792 826 2862 πλῶειν
838 2792 899 2860 τὸν
913 2785 1074 2859 ναυτικόν

69 2892 222 2982 στρατόν.
260 2900 413 2974 Φοίνικες
431 2894 469 2963 δέ
487 2889 550 2963 ούκ
563 2901 693 2983 ἔφασαν
707 2893 856 2979 ποιήσειν
872 2896 995 2958 ταῦτα·
1014 2886 1073 2973 ὁρ-

68 3003 171 3064 κίοισί
186 3022 224 3063 τε
240 2994 305 3083 χάρ
323 2995 492 3084 μεγάλοισι
510 2996 718 3082 ἐνδεδέσθαι,
736 2994 793 3062 καὶ
809 2987 872 3061 ούκ
890 2987 933 3057 ἀν
950 2987 1074 3058 ποιέειν

69 3095 144 3165 ὅσια
158 3096 213 3165 ἐπὶ
225 3095 305 3177 τούς
319 3102 441 3177 παῖδας
454 3095 534 3177 τούς
547 3099 683 3166 ἑωυτῶν
696 3091 959 3185 στρατευόμενοι.
993 3100 1073 3159 Φοι-

68 3206 174 3269 νίκων
192 3198 231 3267 δέ
244 3197 289 3266 ὀύ
307 3196 525 3285 βουλομένων
547 3203 583 3266 οί
598 3201 708 3266 λοιποὶ
732 3193 797 3265 ούκ
814 3192 1073 3282 ἀξιόμαχοιέχί-

68 3326 178 3370 νοντο.
218 3298 442 3390 Καρχηδόνιοι
459 3298 522 3386 μέν
539 3326 605 3367 νυν
622 3297 712 3367 οὕτω
725 3295 939 3384 δουλοσύνην
953 3290 1074 3380 διέφυ-

68 3429 131 3482 γον
149 3399 234 3488 πρός
253 3399 424 3492 Περσέων.
467 3399 651 3488 Καμβύσης
670 3398 734 3489 χάρ
752 3404 832 3486 βίην
845 3393 908 3466 ούκ
925 3397 1073 3464 ἐδικαίου
1116 3436 1118 3441 -

70 3500 276 3591 προσφέρειν
297 3503 441 3580 Φοίνιξι,
465 3500 517 3569 ότι
534 3501 639 3582 σφέας
662 3528 698 3570 τε
716 3497 841 3599 αύτούς
866 3458 1118 3624 ἐδεδῶπερ
