2354 3840
332 220 418 278 ιιο.
450 220 481 275 11.
514 219 612 276 cAP.
647 224 799 280 ιεε-ιει.
1010 215 1070 282 189

140 377 200 460 Ὡς
226 376 258 447 δ’
285 375 351 466 άρα
377 385 529 462 οἰχεσθαι
554 372 615 445 τόν
641 382 792 446 Αἰθίοπα
823 380 856 458 ἐξ
881 379 1069 467 Αἰγύπτου,
1085 400 1136 456 140

60 469 157 557 αὖτις
181 473 242 544 τόν
266 473 398 563 τυφλόν
423 473 539 560 άρχειν
565 477 602 541 ἐκ
626 480 695 542 τόν
720 476 823 543 ἐλέων
847 472 1066 564 άπικόμενον,

60 583 148 646 ἔνθα
169 575 379 662 πεντήκοντα
400 578 474 641 ἔτεα
495 578 601 658 νῆσον
621 572 730 658 χύσας
757 575 871 663 σποδῷ
891 599 928 641 τε
948 577 1003 643 καί
1023 580 1067 663 γῇ

60 685 165 744 οἰκεε·
188 671 277 752 ὅκως
295 670 361 759 γάρ
384 675 418 738 οἰ
435 676 558 755 φοιτᾶν
583 684 677 738 σίτου
702 666 845 755 ἄγοντας
870 676 1065 756 Αἰγυπτίων

61 771 106 852 ὡς
126 771 294 840 ἑκάστοισι
313 768 559 857 προστετάχθαι
575 774 652 856 σιγῇ
670 774 732 835 τοῦ
746 773 928 855 Αἰθίοπος,
950 770 984 848 ἐς
1004 767 1066 855 τὴν

60 867 193 958 δωρεὴν
214 869 366 938 κελεύειν
387 870 491 953 σφέας
512 869 566 934 καί
589 863 718 934 σποδόν
739 872 894 953 κομίζειν.
939 866 1065 953 ταύτην

60 966 121 1054 τὴν
136 973 242 1051 νῆσον
256 962 366 1044 οὐδεὶς
380 964 547 1052 πρότερον
562 962 736 1050 ἐδυνάσθη
756 961 956 1052 Ἀμυρταίου
971 967 1065 1044 ἐξευ·

60 1080 149 1151 ρεῑν,
173 1060 246 1132 ἄλλ’
273 1069 346 1131 ἔτεα
363 1065 415 1132 ἐπὶ
437 1057 560 1148 πλέοῆ
576 1062 756 1130 ἑπτακόσια
771 1059 834 1131 ούκ
848 1058 962 1131 οἷοίτε
976 1055 1064 1150 ἦσαν

59 1160 167 1248 αὐτὴν
186 1158 345 1249 άνενρείν
358 1165 392 1228 οί
404 1159 562 1248 πρότεροι
577 1160 755 1246 γενόμενοι
772 1164 923 1247 βασιλέες
940 1158 1065 1248 Ἀμυρ-

59 1269 172 1327 ταίου·
205 1255 336 1343 ούνομα
357 1258 394 1324 δέ
414 1257 518 1346 ταύτῃ
539 1264 579 1345 τῇ
599 1257 691 1349 νήσῳ
713 1254 832 1344 Ἐλβώ,
860 1260 1009 1344 μέγαθος
1029 1255 1061 1324 δ’

59 1359 127 1425 ἐστὶ
141 1355 251 1445 πάντῃ
265 1351 346 1424 δέκα
360 1359 513 1424 σταδίων.

144 1452 242 1522 Μετὰ
269 1454 306 1523 δέ
324 1460 446 1522 τούτου
466 1459 663 1540 βασιλεύσοι
684 1451 744 1522 τόν
765 1455 838 1539 ίρέα
860 1459 921 1519 τού
941 1450 1063 1538 Ἡφαί-
1083 1472 1128 1527 141

59 1572 157 1638 στου,
179 1554 225 1643 ’τῷ
240 1550 370 1638 ούνομα
386 1549 471 1619 εἰναι
487 1552 650 1619 Σεθιύν·
682 1549 742 1620 τόν
757 1555 795 1620 ἐν
809 1548 961 1640 ἀλογίῃσι
975 1556 1063 1637 ἔχειν

58 1649 361 1736 παραχρησάμενον
389 1656 457 1717 τῶν
484 1656 637 1737 μαχίμων
660 1656 855 1736 Αἰγυπτίων
887 1647 932 1728 ὡς
961 1647 1063 1717 οὐδὲν

58 1748 265 1835 δεησόμενον
286 1745 413 1833 αὐτῶν,
442 1746 526 1816 άλλα
547 1773 582 1815 τε
602 1746 642 1834 δὴ
661 1748 760 1834 άτιμα
777 1755 937 1816 ποιεῦντα
952 1751 984 1825 ἐς
999 1745 1063 1814 αὐ-

58 1847 154 1933 τούς,
182 1855 241 1916 καί
253 1868 358 1935 σφεας
371 1845 555 1917 ἀπελέσθαι
566 1846 624 1926 τάς
638 1845 803 1936 άρούρας,
825 1862 911 1916 τοῖσι
928 1850 981 1916 ἐπί
994 1854 1062 1916 τῶν

57 1951 232 2035 προτέρων
252 1950 417 2035 βασιλέοιν
438 1948 599 2017 δεδόσθαι
621 1951 808 2035 ἐξαιρέτους
829 1949 955 2040 ἑκάστῳ
971 1950 1063 2017 δνύ·

57 2053 139 2116 δεκα
154 2044 311 2134 ἀρούρας.
354 2045 436 2132 μετά
457 2046 494 2114 δέ
514 2044 566 2114 ἐπ’
589 2056 764 2132 Αἰγυπτου
784 2047 940 2116 ἐλαύνειν
960 2068 1062 2135 στρα-

57 2147 120 2217 τόν
136 2152 242 2235 μέγαν
255 2149 495 2237 Σαναχάριβον
509 2152 647 2236 βασιλέα
669 2145 832 2235 Ἀραβίων
853 2173 888 2215 τε
912 2150 968 2216 καί
986 2144 1062 2214 Ἀσ-

57 2253 203 2334 συρίων·
227 2243 290 2314 ούκ
312 2239 361 2314 όν
377 2245 417 2333 δὴ
439 2249 570 2316 ἐθέλειν
583 2244 662 2325 τούς
682 2253 845 2332 μαχίμους
865 2252 933 2324 τῶν
953 2252 1062 2331 Αἰγυ-

56 2353 164 2415 πτίων
199 2348 359 2432 βαθέειν·
387 2344 448 2415 τόν
469 2348 505 2415 δὲ
526 2350 597 2432 ίρέα
619 2349 652 2424 ές
672 2343 817 2433 άπορίην
839 2342 1063 2432 ἀπειλημένον

57 2445 242 2514 ἐσελθόντα
259 2445 292 2523 ές
312 2442 350 2512 τό
371 2447 519 2531 μέγαρον
542 2442 626 2531 πρὸς
643 2441 799 2529 τόγαλμα
817 2441 1061 2532 άποδύρεσθαι,

56 2539 112 2610 οἷα
143 2541 337 2611 κινδυνεύει
365 2553 505 2611 παθεῖν·
556 2539 814 2630 ὀλοφυρόμενον
842 2540 874 2609 δ’
908 2541 974 2630 άρα
1002 2552 1062 2628 μιν

56 2644 215 2710 ἐπελθεῖν
233 2639 360 2726 ὕπνον,
393 2647 452 2708 καί
463 2645 495 2708 οἰ
509 2641 603 2720 δόξαι
624 2643 711 2729 ἐντῄ
728 2637 786 2721 όψι
802 2640 981 2708 ἐπιστάντα
1001 2637 1062 2709 τόν

55 2737 143 2808 θεόν
157 2739 356 2826 θαρσύνειν,
380 2737 425 2818 ὡς
439 2737 541 2808 ούδέν
552 2746 699 2808 πείσεται
713 2737 810 2824 άχαρι
825 2735 990 2818 άντιάζων
1000 2736 1062 2807 τόν

52 2836 218 2923 Ἀραβίων
243 2834 404 2919 στρατόν·
436 2834 538 2915 αύτός
565 2836 631 2922 γάρ
656 2840 689 2903 οἰ
712 2840 856 2923 πέμψειν
882 2837 1059 2922 τιμωρούς.

55 2935 205 3002 τούτοισι
222 2933 263 3020 δή
277 2960 336 3019 μιν
356 2939 501 3000 πίσυνον
516 2947 601 3001 τοῖσι
616 2935 803 3002 ἐνυπνίοισι
823 2933 1061 3021 παραλαβόντα

55 3038 252 3119 Αἰγυπτίων
266 3029 346 3110 τούς
360 3035 588 3118 βουλομένους
610 3035 644 3099 οἰ
661 3034 802 3099 ἕπεσθαι
817 3030 1062 3118 στρατοπεδεύ·

56 3140 183 3198 σασθαι
199 3130 235 3196 έν
249 3135 429 3220 Πηλουσίῳ
446 3130 565 3218 (ταύτῃ
579 3129 644 3215 γάρ
661 3135 723 3196 εἰσι
743 3133 779 3196 αἰ
792 3131 957 3214 ἐσβολαί)·
984 3130 1061 3196 ἕπε-

53 3245 136 3304 σθαι
160 3233 202 3301 δέ
223 3235 346 3301 οἰτόν
368 3236 523 3319 μαχίμων
545 3227 607 3316 μὲν
631 3225 755 3296 ούδένα
779 3224 932 3316 ἀνδρῶν,
956 3223 1061 3312 καπή-

57 3344 135 3415 λους
159 3334 196 3402 δὲ
223 3332 280 3400 καὶ
310 3331 532 3420 χειρύνακτας
558 3329 615 3396 καὶ
642 3325 823 3416 άγοραίους
850 3325 1062 3414 άνθρύπους.

56 3437 207 3504 ἐνθαῦτα
226 3431 446 3519 ἀπικομένου,
464 3445 550 3498 τοῖσι
568 3431 744 3499 ἐναντίοισι
763 3428 982 3514 ἐπιχυθέντας
999 3451 1063 3492 νυ-
