2354 3840
318 237 402 294 LIB.
430 237 476 292 lv.
511 237 609 294 cAP.
645 237 816 296 189-195.
1004 227 1067 293 377

62 399 117 468 καὶ
131 395 343 483 κροκόδειλοι
359 391 440 462 ὅσον
459 418 495 460 τε
516 391 687 478 τριπήχεες
706 404 871 480 χερσαῖοι,
893 398 967 479 τῇσι
981 388 1067 458 σαύ-

62 515 140 581 ρησι
163 494 416 580 ἐμφερέστατοι,
439 492 494 558 καὶ
515 491 677 576 στρουθοὶ
700 488 874 574 κατάγαιοι
899 491 954 557 καὶ
971 486 1066 574 ὄφιες

61 592 212 676 σμικροὶ,
236 592 335 677 κέρας
350 591 387 655 δν
402 589 539 663 ἕκαστος
555 591 693 671 ἔχοντες.
716 585 820 652 ταῦτά
837 612 872 653 τε
888 584 928 672 δὴ
944 583 1067 653 αὐτόθι

62 687 132 754 ἐστὶ
151 691 273 772 θηρία,
296 687 351 752 καὶ
380 681 484 768 τάπερ
508 689 555 770 ’τῇ
575 680 677 771 άλλη,
698 679 787 768 πλὴν
806 684 935 771 ἐλάφου
956 711 991 752 τε
1013 684 1067 750 καὶ

61 778 123 858 ὑός
138 779 275 867 ἀγρίου·
298 787 421 866 ἔλαφος
436 780 472 847 δέ
488 784 543 848 καὶ
557 772 599 858 ύς
614 779 730 865 ἄγριος
745 783 782 848 ἐν
795 782 906 869 Λιβύη
926 780 1067 866 πάμπαν

61 878 127 946 οὐκ
142 883 219 946 ἐστι.
249 885 346 964 μυων
362 880 398 945 δέ
413 882 511 963 γένεα
528 874 622 962 τριξά
637 874 761 945 αὐτόθι
782 881 865 946 ἐστί·
894 881 929 945 οί
940 879 1002 963 μέν
1016 880 1068 943 δί-

60 984 163 1057 ποδες
177 982 368 1064 καλέονται,
384 982 418 1045 οί
428 979 464 1068 δέ
476 978 616 1062 ζεγέριες
630 973 682 1064 (τό
695 976 732 1043 δὲ
745 975 874 1062 οὐνομα
885 983 984 1045 τοῦτο
1001 977 1068 1043 ἐστὶ

60 1082 126 1166 μέν
136 1074 300 1164 Λιβυκόν,
315 1077 456 1144 δύναται
468 1075 504 1143 δέ
515 1070 588 1142 κατ’
602 1072 744 1142 Ἑλλάδα
755 1081 910 1160 γλῶσσαν
921 1080 1067 1161 βουνοί),

59 1183 98 1246 ολ
111 1177 148 1244 δέ
162 1177 291 1262 ἐχινέες.
317 1177 378 1242 είσλ
393 1174 430 1241 δὲ
444 1176 500 1242 καὶ
510 1176 626 1258 γαλέαι
639 1174 676 1240 ἐν
686 1179 732 1263 τῷ
744 1180 866 1264 σιλφίφ
881 1174 1067 1260 γινόμεναι,

59 1282 137 1364 τῇσι
156 1279 376 1362 Ταρτησσίῃσι
396 1270 597 1358 ὁμοιόταται.
631 1277 776 1338 τοσαῦτα
797 1275 859 1355 μέν
878 1297 944 1337 νυν
963 1276 1068 1357 θηρία

59 1371 83 1458 ἡ
99 1379 167 1440 τῶν
180 1373 339 1459 νομάδων
353 1370 492 1458 Λιβύων
507 1376 549 1455 γῆ
564 1374 646 1455 ἔχει,
662 1366 744 1434 ὅσον
757 1365 851 1453 ἡμεῖς
865 1369 1069 1450 ίστορέοντες
1098 1407 1100 1411 ν

64 1473 119 1540 ἐπὶ
133 1472 343 1559 μακρότατον
360 1467 474 1539 οἷοίτε
488 1470 676 1556 ἐγενόμεθα
692 1472 870 1549 ἐξικέσθαι.
915 1471 1069 1549 Μαξύων
1086 1485 1101 1538 1

64 1572 102 1636 δὲ
116 1567 255 1654 Λιβύων
271 1570 459 1654 Ζαύηκες
479 1573 627 1654 ἐχονται,
648 1582 734 1636 τοῖσι
751 1572 788 1634 αί
799 1582 956 1654 γυναῖκες
972 1567 1069 1656 ἡνιο-

62 1665 176 1750 χέουσι
184 1661 225 1729 τά
234 1661 363 1751 ἅρματα
374 1667 407 1742 ἐς
418 1665 479 1731 τόν
492 1666 650 1748 πόλεμον.
700 1666 839 1734 Τούτων
852 1673 889 1736 δὲ
905 1670 963 1736 Γύ
972 1675 1070 1750 ζαν·
1086 1687 1098 1736 l

62 1786 128 1838 τες
144 1765 284 1846 ἔχονται,
297 1764 334 1827 ἐν
346 1776 432 1830 τοῖσι
443 1767 516 1847 μέλι
528 1759 655 1829 πολλὸν
666 1765 729 1847 μέν
742 1769 894 1848 μέλισσαι
905 1767 1069 1852 κατεργά-

64 1865 192 1942 ζονται,
210 1866 321 1950 πολλῷ
335 1855 367 1926 δ’
381 1865 428 1926 ἔτι
439 1864 543 1928 πλέον
559 1865 688 1944 λέγεται
705 1856 925 1948 δημιοεργούς
943 1862 1069 1952 ἀνδρας

63 1959 198 2025 ποιέειν.
222 1966 416 2043 μιλτοῦνται
437 1957 470 2028 δ’
487 1952 536 2027 ἀν
550 1959 673 2038 πάντες
693 1950 787 2026 οὗτοι
802 1961 857 2026 καὶ
871 1971 1069 2047 πιθηκοφα-

63 2060 195 2146 γέουσι·
224 2063 258 2127 ολ
271 2061 311 2125 δέ
327 2078 388 2146 σφι
402 2057 552 2145 ἄφθονοι
572 2055 647 2125 ὅσοι
664 2058 701 2123 ἐν
714 2069 800 2123 τοῖσι
822 2056 936 2143 οὔρεσι
951 2065 1068 2144 γίνον-

63 2181 127 2222 ται.
177 2152 272 2222 Κατά
299 2155 440 2235 τούτους
467 2156 504 2223 δέ
527 2157 662 2241 λέγουσι
682 2154 909 2243 Καρχηδόνιοι
933 2161 1100 2224 κέεσθαιι

64 2258 187 2338 νῆσον,
210 2259 250 2340 τῇ
272 2250 401 2336 ούνομα
422 2251 508 2316 εἶναι
536 2249 709 2337 Κύραυιν,
742 2256 847 2335 μῆκος
867 2253 930 2336 μὲν
954 2258 1069 2337 διηκο-

64 2356 147 2423 σίων
158 2352 319 2431 σταδίων,
334 2347 458 2424 πλάτος
470 2345 505 2413 δὲ
517 2343 668 2431 στεινὴν,
684 2344 844 2432 διαβατὸν
858 2349 895 2414 ἐκ
905 2355 963 2435 τῆς
974 2345 1070 2436 ἠπεί-

64 2471 145 2533 ρου,
161 2445 299 2513 ἐλαιέων
309 2472 345 2513 τε
355 2442 480 2532 μεστὴν
495 2447 550 2512 καὶ
561 2442 726 2530 ἀμπέλων.
750 2452 873 2532 λίμνην
888 2447 924 2515 δὲ
935 2450 973 2515 ἐν
983 2445 1068 2536 αὐτῇ

64 2542 166 2629 εἶναι,
189 2544 225 2610 ἐκ
240 2549 298 2629 τῆς
319 2547 356 2610 αἱ
368 2543 534 2630 παρθένοι
550 2548 619 2609 τῶν
640 2544 827 2629 ἐπιχωρίων
842 2559 991 2631 πτεροῖσι
1009 2543 1068 2631 ὀρ-

63 2649 174 2708 νίθων
197 2643 419 2727 κεχριμένοισι
439 2644 540 2726 πίσση
561 2639 599 2706 ἐκ
611 2646 675 2724 τῆς
695 2641 788 2720 ἰλύος
807 2650 922 2728 ψῆγμα
939 2640 1068 2728 ἀναφέ-

63 2760 162 2829 ρουσι
176 2744 312 2825 χρυσοῦ.
336 2744 440 2805 ταῦτα
456 2739 559 2822 εἰμέν
574 2739 642 2805 ἐστι
660 2735 829 2825 ἀληθέως,
846 2737 909 2807 οὐκ
924 2739 1009 2826 οίδα,
1026 2737 1066 2806 τά

62 2837 100 2905 δὲ
111 2840 239 2923 λέγεται
254 2835 385 2923 γράφω.
410 2844 460 2921 εἴη
478 2832 510 2902 δ’
526 2831 570 2902 ἀν
581 2842 667 2923 πᾶν,
684 2834 767 2903 ὅκου
783 2839 838 2903 καὶ
849 2839 886 2904 έν
897 2838 1066 2926 Ζακύνθῳ

60 2939 99 3004 ἐκ
119 2943 237 3021 λίμνης
256 2936 312 3003 καὶ
331 2932 455 3013 ὕδατος
469 2934 593 3003 πίσσαν
610 2933 869 3022 ἀναφερομένην
886 2933 987 3014 αύτδς
1002 2933 1065 3021 ἐγύ

61 3029 186 3116 όόρεον·
210 3033 273 3098 είσὶ
286 3032 348 3118 μέν
362 3033 417 3099 καὶ
431 3038 573 3111 πλεῦνες
587 3037 624 3100 αί
636 3039 751 3119 λίμναι
768 3031 908 3122 αὐτόθι,
929 3030 950 3120 ἡ
970 3031 1001 3100 δ’
1019 3024 1068 3100 ἀν

59 3135 196 3216 μεγίστη
219 3127 350 3198 αὐτέων
371 3131 600 3219 ἑβδομήκοντα
621 3137 736 3201 ποδῶν
756 3134 883 3223 πάντη,
905 3133 1014 3223 βάθος
1032 3137 1068 3202 δὲ

60 3227 234 3313 διόργυιός
244 3231 330 3297 ἐστι·
347 3233 380 3309 ἐς
390 3231 516 3318 ταύτην
526 3228 649 3301 κοντύν
658 3248 798 3301 κατιεῖσι
809 3233 862 3303 ἐπ’
876 3232 968 3325 ἀκρφ
980 3261 1070 3320 μυρ-

60 3331 160 3411 σίνην
175 3327 442 3415 προσδήσαντες,
464 3333 521 3398 καλ
541 3337 670 3399 ἔπειτεν
692 3328 902 3419 ἀναφέρουσι
918 3339 958 3421 τῇ
979 3357 1069 3418 μυρ-

60 3426 137 3509 σίνη
153 3429 293 3510 πίσσαν,
309 3421 417 3510 ὀδμὴν
432 3427 494 3511 μέν
509 3433 652 3514 ἔχουσαν
663 3425 855 3515 ἀσφάλτου,
877 3426 918 3496 τά
933 3426 966 3494 δ’
983 3426 1068 3496 ἀλλα
1098 3486 1101 3495 .

983 3564 1056 3608 ,ιι
