2354 3840
151 189 214 256 266
525 195 778 253 HERODOTI

153 354 192 421 έν
203 348 243 437 δὴ
259 345 310 419 ών
322 359 363 441 τῇ
377 356 495 440 ἐρημίη
509 352 612 440 ταύτῃ
632 353 687 419 καὶ
703 357 743 439 τῇ
759 350 933 442 φάμμμί
896 377 918 438 γ
930 377 1046 420 νοντοι
1063 352 1141 437 μόρ-

149 477 252 538 μηκες
266 452 417 538 μεγάθεα
433 456 562 538 ἔχοντες
573 457 689 519 κυνών
699 452 762 537 μέν
772 453 952 537 ἐλάσσονα,
968 450 1141 521 ἀλωπέκων

150 551 399 635 δὲ·ίμέζονα
369 553 430 618 είσί
452 548 516 636 γάρ
535 547 648 616 αύτώυ
668 551 723 617 καὶ
746 546 837 636 παρὰ
853 502 1031 640 βασιλέι
997 571 1047 616 τω
1030 551 1140 632 Περ

147 648 235 714 σέων
280 649 442 730 ἐνθεῦτεν
466 650 704 771 θηρευθέντες.
739 638 832 712 οὗτοι
859 639 907 712 ών
927 651 963 715 σί
979 648 1140 734 μύρμηκες

147 749 342 870 ποιεύμενοι
363 745 534 834 οίκησιν
515 745 582 816 υπό
603 753 669 833 γῆν
689 743 918 869 ἀναφορέουσι
933 745 998 834 τὴν
1011 747 1139 834 ψάμμον

66 924 70 932 ,
104 924 107 931 .
146 846 294 932 κατάπερ
318 850 354 912 οί
385 850 422 914 έν
447 861 532 914 τοῖσι
545 844 679 932 Ἕλλησι
700 845 871 932 μύρμηκες
891 848 947 914 καί
962 844 1026 914 τάν
1045 844 1139 914 αύιδν

145 944 289 1031 τρόπον,
312 948 374 1014 είσί
389 948 425 1013 δὲ
440 948 494 1013 καὶ
508 943 545 1012 τό
563 943 649 1023 εἶδος
663 941 868 1030 ὁμοιότατοι·
889 941 910 1031 ἦ
929 945 966 1013 66
981 943 1137 1032 υάμμοςὴ

145 1040 381 1129 ἀναφερομένη
399 1044 466 1112 έστί
482 1057 639 1129 χρυσῖτις.
663 1045 716 1109 ἐπί
733 1040 773 1127 δὴ
791 1041 918 1128 ταύτην
931 1040 995 1129 τὴν
1010 1044 1137 1130 ψάμμον
1172 1069 1173 1075 “

146 1147 338 1211 στέλλονται
354 1145 386 1220 ές
401 1139 463 1229 τὴν
477 1144 602 1228 ἐρῆμον
619 1146 653 1209 oc
661 1139 775 1226 Ἰνδοί,
799 1141 996 1226 ζευξάμενος
1011 1144 1135 1217 ἕκαστος

145 1241 315 1326 καμήλους
341 1254 445 1325 τρεῖς,
474 1239 680 1325 σειρηφόρον
706 1237 770 1324 μὲν
792 1236 1001 1324 ἑκατέρωθεν
1028 1247 1136 1326 ἔρσενα

144 1345 338 1427 παρέλκειν,
358 1339 488 1425 θήλεαν
509 1341 545 1408 δὲ
567 1343 599 1417 ές
621 1343 741 1425 μέσον·
763 1340 816 1406 έπί
837 1337 963 1424 ταύτην
983 1334 1025 1424 δὴ
1047 1332 1134 1411 αύτός
1171 1365 1173 1380 ¹

144 1436 334 1524 ἀναβαίνει,
358 1437 575 1523 ἐπιτηδεύσας
590 1434 676 1514 ὅκως
692 1433 758 1503 ἀπὸ
770 1437 897 1503 τέκνων
914 1433 959 1515 ὦς
969 1435 1134 1503 νεωτάτων

144 1532 340 1612 ἀποσπάσας
357 1535 477 1614 ζεύξει·
500 1541 537 1603 ac
553 1535 619 1620 γάρ
636 1557 695 1619 σφι
717 1534 860 1620 κάμηλοι
877 1536 991 1600 ἵππων
1011 1529 1075 1600 ούκ
1089 1533 1131 1600 έσ

143 1651 239 1706 <foves
275 1627 441 1716 ταχυτῆτά
483 1637 564 1718 είσι,
611 1634 709 1718 χωρὶς
735 1632 771 1697 δέ
791 1628 896 1716 ἀχθεα
918 1631 1132 1715 δυνατώτεραι

78 1746 127 1797 103
142 1725 269 1794 πολλόν
284 1731 409 1813 φέρειν.
459 1726 504 1796 Τὸ
522 1727 584 1815 μέν
606 1725 647 1814 δι)
671 1727 756 1805 εἶδος
776 1726 892 1796 ὁκοῖόν
908 1753 940 1797 τι
960 1732 1026 1814 ἔχει
1043 1726 1064 1818 ἡ
1081 1726 1132 1794 κά·

141 1833 261 1911 μηλος,
277 1826 523 1912 ἐπισταμένοισι
536 1839 622 1894 τοῖσι
630 1824 765 1910 Ἕλλησι
776 1824 817 1891 ού
829 1826 1032 1912 συγγράφω·
1054 1847 1089 1892 το
1079 1822 1171 1889 δὲ.

141 1918 452 2007 μηέπιστέαται’
410 1930 528 2008 αυτῆς,
550 1929 649 1989 τούτο
671 1921 803 2008 φράσω
831 1923 978 2009 κάμηλος
1000 1927 1039 1992 έν
1058 1932 1130 1991 τοῖσι
1167 1950 1173 2057 1

142 2015 327 2086 ὀπισθίοισι
351 2022 480 2088 σκέλεσι
503 2026 568 2105 ἔχει
589 2024 744 2104 τέσσερας
765 2017 893 2105 μηρούς
912 2023 968 2089 καὶ
993 2022 1173 2143 γούνατα,

141 2117 296 2232 τέσσερα,
318 2144 358 2183 τα
347 2114 411 2184 δέ
429 2123 538 2186 αι’δοῑα
560 2116 615 2186 διά
631 2127 701 2187 τών
715 2116 882 2186 ὀπισθίων
896 2125 1043 2190 σκελέων
1058 2118 1132 2242 πρός

75 2226 125 2279 106
139 2236 201 2296 την
215 2236 321 2296 ουρην
335 2216 625 2299 τετραμμενα
597 2221 641 2284 Ολ
653 2214 743 2302 δέδη
757 2215 854 2286 Ἰνδοὶ
868 2220 981 2309 τρόπω
998 2221 1131 2309 τοιούτῳ
1163 2251 1167 2262 ·

140 2337 194 2376 και
184 2308 295 2389 ζεύξι
312 2312 449 2400 τοιαύτη
472 2315 646 2401 χρεόμενοι
667 2317 847 2386 ἐλαύνουσι
884 2315 997 2385 ε’πί
961 2343 1022 2385 τον
1053 2345 1129 2406 χρυ·

137 2406 199 2476 σόν
229 2410 540 2498 λελογισμένως,”
519 2438 606 2491 οκως
623 2415 804 2500 καυμάτων
828 2422 897 2483 τών
920 2418 1132 2503 θερμοτάτων

140 2504 266 2571 ἐόντων
281 2511 413 2574 ἔσονται
430 2510 468 2576 έν
487 2517 527 2598 τῇ
548 2508 698 2600 ἁρπαγῇ·
725 2509 792 2580 ὑπὸ
815 2513 880 2600 γάρ
894 2519 956 2581 τοῦ
971 2517 1134 2601 καύματος

140 2605 175 2668 οί
185 2602 356 2686 μύρμηκες
371 2601 514 2725 ἀφμνέες
529 2606 711 2726 γίνοντμι’
694 2607 759 2675 υπό
776 2616 848 2695 γῆν.
881 2610 1088 2697 θερμότατος
1103 2612 1136 2679 δι’

139 2695 236 2764 ἐστι
223 2724 239 2764 ο
256 2695 349 2783 ἥλιος
364 2703 512 2771 τούτοισι
528 2717 613 2772 τοῖσι
631 2702 842 2791 ἀνθρώποισι
857 2704 894 2774 τό
911 2705 1074 2793 ἑωθινόν,
1097 2706 1134 2776 06

139 2793 290 2918 κατάπερ
329 2812 415 2866 τοισι
448 2799 577 2870 ἀλλοισι
597 2810 818 2893 μεσαμβρίης,
846 2802 920 2873 ἀλλ’
943 2802 1133 2892 ὑπερτείλας

137 2885 290 2980 μέχρι
247 2921 288 2962 ου
305 2894 429 2982 ἀγορης
446 2900 624 2977 διαλύσιος
649 2907 770 2968 τούτου
785 2899 870 2968 66
837 2928 896 2968 τον
912 2903 1038 2989 χρόνον
1052 2910 1134 2973 καίει

136 2998 248 3080 πολλῶ
263 2991 431 3077 μοῖλλον’Ι
409 3020 429 3080 η
446 3022 485 3083 τη
471 2996 735 3086 μεσαμβρίη
699 3025 761 3084 την
770 2995 927 3087 Ἐλλάδα,
949 3001 1039 3070 οὕτω
1058 3003 1138 3072 ώστε

136 3092 172 3156 έν
193 3059 290 3157 ὕδατι
311 3092 411 3177 λόγος
431 3091 555 3174 αύτούς
576 3097 644 3162 έστι
665 3094 843 3183 βρέχεσθαι
864 3107 1054 3185 τηνικαῦτα.
1080 3129 1137 3189 με·

127 3194 241 3283 ,σούσα
259 3193 295 3258 δὲ
310 3189 446 3280 ἡὴμέρη
458 3194 578 3281 σχεδὸν
591 3206 829 3284 παραπλησίως
840 3207 926 3267 καιέι
936 3200 1016 3281 τούς
1027 3229 1064 3271 τε
1079 3203 1139 3273 ἀλ-

134 3293 215 3364 λους
236 3286 441 3376 ἀνθρώπους
469 3296 524 3361 καὶ
549 3295 628 3374 τούς
646 3295 779 3374 Ἰνδούς.
813 3294 1085 3387 ἀποκλινομένης
1104 3303 1138 3369 δέ

124 3389 185 3468 τῆς
197 3395 412 3479 μεσαμβρίης
435 3397 564 3480 γίνεταί
579 3414 640 3478 σφι
662 3392 679 3460 6
698 3392 789 3477 ἥλιός
810 3393 957 3477 κατάπερ
976 3413 1064 3466 τοῖσι
1080 3399 1136 3468 ἀλ·
