2354 3840
213 211 301 268 ιιο.
331 211 379 265 1v.
412 209 510 266 οεν.
546 168 737 273 ιιι-ιιι]
906 207 968 275 357

42 366 193 447 εαύτούς
214 365 424 453 ἀποκτεῖναι,
448 368 672 453 συλλαβόντες
694 373 733 437 δέ
752 390 857 456 σφεας
871 375 969 439 κατέ-

42 496 69 536 ιυ
90 471 124 547 ἐς
141 466 269 554 ἑρκτήν.
306 464 475 534 κτείνουσι
500 467 536 532 δὲ
558 463 636 546 τούς
663 463 707 534 άν
728 474 881 536 κτείνωσι
895 477 967 534 Λα-

42 568 170 655 ιμόνιοι
191 563 329 652 νυκτὸς,
360 564 432 653 μετ’
450 564 578 654 ἡμέρην
601 567 638 634 δὲ
657 564 795 635 οὐδένα·
826 569 896 635 ἐπεὶ
918 560 967 635 άν

42 669 103 736 λόν
118 687 222 751 σφεας
234 664 519 752 καταχρήσεσθαι,
535 665 782 754 παραιτήσαντο
798 671 835 734 αί
847 681 966 752 γυναῖ-

42 772 110 833 τοόν
125 767 305 850 Μινυέων,
332 764 447 831 ἐοῦσαι
475 761 574 831 άσταί
584 791 620 832 τε
647 768 702 832 καὶ
730 771 797 833 τῶν
823 763 965 850 πρώτων

42 865 201 949 ρτιητέων
215 863 417 947 θυγατέρες,
433 863 586 931 ἐσελθεῖν
603 888 638 930 τε
653 864 687 940 ἐς
700 859 896 948 τήνέρκτήν
911 865 965 929 καλ

42 964 133 1048 ἷγους
149 963 262 1030 ἐλθεῖν
277 961 397 1046 ἑκάστη
414 968 460 1050 τῷ
478 964 603 1050 ἑωυτῆς
619 959 726 1045 ύνδρί.
757 965 790 1030 οί
810 964 850 1029 δέ
861 982 966 1049 σφεας

42 1069 135 1148 ήκαν,
167 1057 290 1128 οὐδένα
321 1059 424 1128 δόλου
457 1064 630 1138 δοκέοντες
662 1063 694 1140 ἐξ
734 1057 863 1128 αὐτέων
892 1065 966 1128 ἔσε-

42 1215 53 1231 „
89 1167 125 1230 αί
150 1164 185 1229 δέ
221 1162 328 1228 ἐπείτε
361 1163 518 1248 ἐσῆλθον,
545 1168 678 1230 ποιεῦσι
693 1160 820 1229 τοιάδε·
852 1168 966 1229 πᾶσαν

56 1260 144 1347 εἶχον
177 1262 302 1345 έσθήτα
337 1264 547 1345 παραδοῦσαι
578 1274 663 1329 τοῖσι
698 1256 841 1346 ἀνδράσι
868 1255 966 1327 αὐταί

44 1366 112 1426 τῶν
132 1355 267 1444 ἀνδρῶν
287 1363 418 1443 ἔλαβον.
464 1361 499 1425 οί
522 1359 558 1425 δὲ
573 1356 706 1425 Μινύαι
727 1356 883 1437 ἐνδύντες
901 1353 964 1443 τήν

42 1464 164 1542 ιικηίην
179 1458 321 1541 ἐσθῆτα,
345 1453 404 1522 άτε
417 1470 591 1543 γυναῖκες,
610 1456 743 1543 ἐξήισαν
757 1459 835 1542 ἔξω,
858 1458 964 1541 ἐκφυ<

42 1582 78 1632 ες
93 1555 129 1621 δὲ
150 1552 262 1644 τρόπῳ
278 1553 419 1645 τοιούτῳΙ
433 1557 542 1634 ἵζοντο
563 1548 657 1630 αὐτις
681 1557 714 1632 ἐς
724 1552 760 1622 τὸ
782 1553 961 1641 Τηΰγετον.

56 1655 92 1718 δέ
109 1647 214 1718 αὐτόν
231 1656 352 1717 τούτου
368 1650 493 1737 χρόνον
510 1652 623 1738 Θήρας
640 1648 659 1718 ὁ
674 1650 886 1732 Αὐτεσίωνος
902 1659 969 1721 τοῦ.
981 1672 1030 1733 14⁷

42 1757 154 1836 ιμενοῦ
168 1757 230 1817 τοῦ
245 1752 464 1839 Θερσάνδρου
478 1758 539 1818 τοῦ
552 1757 774 1830 Πολυνείκεος
785 1758 914 1822 ἔστελλε
930 1755 963 1830 ἐς

43 1858 119 1935 κίηυ
134 1852 171 1917 ἐκ
183 1854 441 1936 Λακεδαίμονος.
468 1843 517 1938 ήυ
531 1849 567 1916 δὲ
583 1845 601 1914 ὁ
616 1849 728 1936 Θήρας
742 1841 851 1936 οὗτος,
866 1851 963 1935 γένος

42 1951 221 2032 Καδμεῖος,
237 1953 294 2033 τής
308 1944 432 2034 μητρός
448 1943 610 2032 άδελφεός
624 1962 709 2015 τοῖσι
723 1945 962 2035 Ἀριστοδήμου

43 2050 54 2114 ί
69 2043 283 2129 Εὐρυσθένεϊ
295 2048 351 2113 καὶ
366 2047 514 2133 Προκλέι·
518 2098 528 2132 ,
543 2045 669 2113 ἐόντων
685 2042 717 2111 δ’
737 2051 785 2113 έτι
799 2052 867 2114 τῶν
884 2051 963 2114 παύ-

52 2145 182 2212 τούτωυ
205 2151 335 2231 νηπίων
356 2149 574 2234 ἐπιτροπαίην
595 2145 660 2232 εἶχε
678 2144 695 2215 ὁ
716 2145 829 2235 Θήρας
848 2145 910 2235 τήν
924 2150 963 2219 έν

43 2270 102 2330 ρτη
114 2250 299 2329 βασιληίην.
324 2243 541 2330 αὐξηθέντων
551 2245 588 2311 δέ
604 2250 672 2311 τῶν
686 2241 893 2330 ἀδελφιδέων
908 2247 963 2314 καὶ

42 2340 226 2424 ιλαβόντων
235 2338 299 2428 τήν
310 2338 415 2426 άρχήν
423 2339 513 2407 ούτω
521 2337 562 2427 δή
575 2337 712 2427 ὁΘήρας
720 2339 834 2410 δεινόν
845 2343 963 2411 ποιεύ-

44 2465 60 2516 ς
82 2435 243 2522 άρχεσθαι
270 2436 329 2506 ὑπ’
357 2438 487 2525 άλλων,
516 2442 591 2507 ἐπεί
606 2466 641 2506 τε
663 2439 822 2526 ἐγεύσατο
843 2437 962 2528 ἀρχῆς,

42 2541 102 2622 ἔφη
129 2540 260 2623 μενέειν
280 2540 316 2604 ἐν
337 2544 377 2625 τῇ
400 2543 645 2624 Λακεδαίμονι,
666 2535 740 2606 ἀλλ’
763 2535 963 2606 άποπλιόσε-

42 2637 86 2712 ἐς
101 2632 180 2714 τούς
197 2641 388 2724 συγγενέας.
407 2631 495 2724 ήσαν
509 2639 546 2708 δὲ
560 2642 597 2707 ἐν
608 2646 647 2728 τή
661 2639 829 2728 νύνΘήρη
843 2648 963 2709 καλεο-

42 2731 157 2821 ινήσςο,
169 2735 335 2817 πρότερον
346 2738 383 2804 δὲ
389 2742 557 2824 Καλλίστη
564 2741 604 2825 τή
614 2732 698 2826 αὐτή
708 2736 823 2825 ταύτη,
835 2734 964 2824 άπόγο-

42 2833 248 2918 λεμβλιάρεω
262 2841 496 2904 τούΠοικίλεω
512 2832 808 2922 άνδρόςΦοίνικος.
825 2837 963 2923 Κάδμος

50 2928 260 3018 ὁἈγήνορος
280 2931 451 3020 Εὐρώπην
472 2936 643 3022 διζήμενος
665 2938 826 3019 προσέσχε
847 2936 880 3011 ἐς
901 2931 963 3021 τήν
1034 2980 1038 2986 -

47 3027 162 3114 Θήρην
185 3034 408 3117 καλεομένην,
437 3032 639 3118 προσσχόντι
670 3030 707 3100 δέ
729 3041 794 3100 είτε
821 3032 863 3118 δή
884 3037 917 3101 οί
939 3029 961 3120 ή

42 3152 49 3210 γ
74 3124 189 3212 ήρεσε,
217 3136 282 3206 είτε
303 3130 358 3196 καὶ
383 3126 492 3208 άλλως
513 3125 665 3215 ήθέλησε
690 3135 827 3216 ποιήσαι
847 3136 960 3215 τοῦτο,
1068 3214 1070 3218 ι

42 3229 146 3289 λείπει
163 3221 227 3308 γάρ
243 3227 281 3292 ἐν
294 3234 335 3313 τή
351 3228 443 3318 νήσῳ
459 3229 562 3316 ταύτη
579 3225 701 3308 άλλους
714 3235 832 3297 τετῶν
844 3233 963 3297 Φοινί-

42 3325 95 3390 καί
103 3320 143 3408 δή
151 3325 416 3394 καὶτῶνέωυτοῦ
426 3330 618 3413 συγγενέων
625 3333 854 3414 Μεμβλίαρον.
868 3318 962 3395 ούτοι

42 3445 116 3487 οντο
137 3417 200 3506 τήν
217 3429 406 3508 Καλλίστην
422 3430 631 3513 καλεομένην
649 3428 702 3494 ἐπὶ
718 3423 853 3511 γενεάς,
881 3429 961 3510 πρὶν
