2354 3840
337 227 421 286 LIB.
454 227 500 283 111.
534 226 633 284 CAP.
669 232 809 289 73-77.
1012 223 1074 288 253

67 387 103 453 δὲ
124 382 187 461 ἀπ’4
207 381 414 472 Ἀχαιμένεος
432 383 671 470 ἐγενεηλόγησε
685 381 747 470 την
766 382 911 472 πατριὴν
925 383 987 472 τὴν
1000 387 1075 455 Κύ-

57 503 147 568 Ιρον,
169 479 251 568 μετά
265 483 303 550 δὲ
318 481 363 561 ὡς
377 485 410 560 ἐς
426 489 548 549 τούτου
563 484 702 568 κατέβη,
713 483 895 551 τελεντέων
904 489 996 569 ἔλεγε
1011 481 1073 552 ὅσα

65 579 180 666 ἀγαθά
200 587 313 668 Κῦρος
328 583 460 663 Πέρσας
481 579 676 665 πεποιήκοι,
705 577 888 659 διεξελθών
913 579 1074 648 δὲταῦτα

64 679 218 762 ἐξέφαινε
241 675 304 764 τὴν
329 674 511 765 ἀλήθειαν,
538 676 689 762 φάμενος
712 675 878 764 πρότερον
901 679 964 764 μὲν
989 675 1074 763 κρύ-

65 797 175 841 πτειν·
199 771 243 843 ού
258 774 325 862 γάρ
339 780 374 843 ολ
387 772 472 842 εἶναι
488 771 636 859 ἀσφαλὲς
651 774 762 859 λέγειν
775 772 816 842 τά
831 774 1014 862 γενόμενας
1036 778 1073 844 έν

65 872 102 943 δέ
115 881 161 964 τῷ
176 873 336 958 παρεόντι
356 872 543 960 ἀναγκαίην
557 900 616 960 μιν
635 875 905 962 καταλαμβάνειν
920 884 1070 963 φαίνειν·

64 976 120 1042 καὶ
140 971 181 1061 δὴ
203 979 311 1059 ἔλεγε,
332 970 392 1041 τόν
412 972 474 1058 μὲν
498 971 617 1055 Κύρου
633 973 784 1057 Σμέρδιν
808 968 853 1052 ὡς
878 970 979 1053 αύτδς
1003 972 1070 1042 ὑπὸ

64 1070 260 1158 Καμβύσεω
270 1068 538 1158 ἀναγκαζόμενος
554 1067 776 1156 ἀποκτείνειε,
799 1069 879 1152 τούς
889 1074 1019 1160 μάγους
1034 1073 1070 1141 δέ

63 1171 264 1257 βασιλεύειν.
309 1172 458 1258 Πέρσησι
482 1170 518 1236 δὲ
542 1166 649 1238 πολλὰ
675 1169 942 1258 ἐπαρησάμενος,
971 1178 1001 1240 εί
1024 1169 1069 1258 μη

63 1267 306 1355 ἀνακτησαίατο
319 1266 424 1337 ὀπίσω
435 1265 496 1356 τὴν
507 1265 613 1353 ἀρχὴν
621 1269 676 1337 καί
685 1265 765 1346 τούς
775 1269 903 1356 μάγους
910 1278 1069 1356 τισαίατο,

63 1367 171 1454 ἀπῆκε
191 1365 318 1437 ἑωυτόν
338 1371 390 1437 ἐπὶ
412 1364 562 1454 κεφαλὴν
583 1369 748 1454 φέρεσθαι
766 1364 831 1439 ἀπό
852 1376 914 1437 τού
934 1368 1069 1456 πύργου

63 1465 162 1534 κάτω.
195 1467 398 1552 Πρηξάσπης
411 1467 473 1552 μέν
486 1491 553 1531 νυν
567 1462 633 1532 έων
646 1461 706 1531 τόν
720 1464 830 1536 πάντα
843 1465 968 1555 χρόνον
982 1465 1068 1556 ἀνὴρ

62 1564 200 1650 δόκιμος
214 1563 303 1633 οὕτω
321 1564 519 1652 ἐτελεύτησε.

149 1665 193 1728 Οί
206 1660 242 1729 δὲ
257 1660 297 1747 δὴ
320 1660 399 1729 έπτδ
422 1667 488 1728 τῶν
501 1662 662 1744 Περσέων
680 1656 724 1740 ὡς
745 1663 989 1748 ἐβουλεύσαντο
1005 1661 1066 1732 αύ-
1083 1676 1117 1732 76

61 1769 136 1830 τίκα
159 1764 355 1847 ἐπιχειρέειν
379 1775 463 1829 τοῖσι
483 1760 619 1846 μάγοισι
643 1762 699 1828 καί
719 1758 764 1846 μη
784 1758 1067 1854 ὑπερβάλλεσθαι,

61 1857 162 1945 ἤισαν
177 1855 353 1945 εὐξάμενοι
364 1873 450 1926 τοίσι
460 1869 589 1943 θεοῖσι,
604 1865 672 1925 τῶν
682 1861 758 1946 περὶ
767 1861 969 1947 Πρηξάσπεα
981 1887 1068 1949 πρη-

61 1959 215 2042 χθέντων
231 1957 354 2037 είδότες
369 1954 479 2025 οὐδέν.
503 1962 541 2026 έν
552 1982 587 2024 τε
599 1953 639 2042 δὴ
656 1963 696 2045 τῇ
708 1954 775 2047 ὁδῷ
786 1959 870 2048 μέση
886 1967 1068 2046 στείχοντες

61 2056 212 2138 ἐγίνοντο
223 2057 279 2135 καὶ
290 2052 331 2123 τά
342 2058 418 2140 περὶ
427 2055 631 2141 Πρηξάσπεα
645 2053 807 2140 γεγονότα
819 2058 1064 2127 ἐπυνθάνοντο.

62 2152 212 2219 ε’νθαῦτα
232 2152 407 2232 ἐκστάντες
426 2158 485 2239 τῆς
505 2149 588 2220 ὁδοῦ
606 2153 760 2223 ἐδίδοσαν
781 2147 876 2234 αὖτις
891 2164 984 2244 σφίσι
1008 2156 1066 2227 λό·

61 2276 158 2335 γους,
175 2253 210 2317 οί
220 2251 283 2336 μὲν
297 2243 383 2339 ἀμφὶ
398 2249 459 2320 τόν
470 2249 611 2338 Ὀτάνην
625 2251 737 2338 πάγχυ
751 2255 945 2335 κελεύοντες
959 2255 1065 2343 ὑπερ·

60 2345 246 2432 βάλλεσθαι
257 2348 341 2435 μηδὲ
355 2349 535 2418 οἰδεόντων
546 2355 613 2416 τάν
626 2349 830 2435 πρηγμάτων
842 2354 1064 2434 ἐπιτίθεσθαι,

61 2453 94 2516 οί
103 2449 141 2515 δέ
154 2443 241 2534 ἀμφὶ
255 2446 314 2517 τόν
323 2453 472 2534 Δαρείον
483 2447 602 2518 αὐτίκα
615 2475 650 2517 τε
665 2452 750 2517 ίέναι
764 2452 819 2518 καί
829 2447 868 2515 τά
882 2453 1065 2536 δεδογμένα

60 2550 187 2614 ποιέειν
217 2547 301 2632 μηδὲ
328 2545 609 2636 ὑπερβάλλεσθαι.
642 2543 858 2632 ὠθιζομένων
886 2545 920 2616 δ’
953 2545 1066 2617 αὐτῶν

61 2642 170 2729 ἐφάνη
193 2642 321 2730 ίρήκων
343 2642 422 2712 ἑπτά
441 2644 557 2728 ζεύγεα
575 2643 637 2711 δύο
658 2649 826 2730 αἰγυπιῶν
848 2644 964 2732 ζεύγεα
986 2645 1068 2715 διά-

60 2765 164 2808 κοντα
179 2743 234 2808 καί
247 2742 402 2810 τίλλοντά
417 2743 522 2809 τεκαὶ
537 2739 746 2827 ἀμύσσοντα·
768 2744 896 2824 ίδόντες
912 2743 948 2812 δέ
962 2751 1067 2811 ταῦτα
1115 2748 1116 2751 ’

61 2846 95 2909 οί
106 2837 188 2908 έπτδ
202 2840 264 2927 τήν
278 2866 315 2909 τε
324 2849 475 2927 Δαρείου
489 2842 611 2922 πάντες
625 2852 741 2912 αίνεον
754 2844 893 2932 γνώμην
907 2846 963 2915 καὶ
976 2851 1068 2912 ἒπει-

59 2966 117 3008 τεν
137 2936 239 3026 ἤισαν
256 2941 309 3007 έπὶ
329 2937 368 3008 τά
392 2939 549 3028 βασιλήια
572 2942 816 3029 τεθαρσηκότες
834 2957 921 3012 τοῖσι
945 2942 1064 3029 ὄρνισι.

55 3033 225 3106 ’λδπιστάσι
244 3037 281 3105 δὲ
300 3040 354 3106 ἐπὶ
379 3035 439 3117 τάς
462 3039 570 3118 πύλας
594 3041 721 3126 ἐγίνετο
747 3032 820 3108 οἷόν
840 3067 872 3108 τι
888 3045 1023 3132 Δαρείῳ
1043 3037 1064 3126 ἡ
1081 3063 1111 3119 τι

58 3135 178 3222 γνύμη
200 3140 315 3222 ἔφερε·
348 3135 602 3222 καταιδεόμενοι
624 3135 690 3224 γὰρ
711 3141 746 3205 οί
769 3137 916 3224 φύλακοι
941 3138 1067 3228 ἀνδρας

58 3232 139 3314 τούς
151 3237 312 3321 Περσέων
329 3235 499 3323 πράτονς,
514 3239 567 3304 καί
585 3233 686 3303 οὐδὲν
706 3243 838 3304 τοιοῦτο
855 3234 1067 3306 ύποπτεύον·
1107 3260 1112 3268 “

56 3357 113 3411 τες
132 3333 166 3412 έξ
191 3329 304 3400 αύτολν
331 3340 485 3421 ἔσεσθαι,
508 3343 672 3423 παρίεσαν
690 3341 769 3424 θείη
792 3345 907 3424 πομπῇ
929 3339 1065 3424 χρεομέ-

59 3457 156 3517 νονς,
179 3427 256 3499 τύδ’
271 3434 437 3521 έπειριέτα
460 3433 584 3519 ούδείς.
631 3435 741 3505 ἐπείτε
767 3435 804 3504 δε
823 3438 884 3502 τοι
901 3441 1084 3514 mmm
