<?xml version="1.0" encoding="UTF-8"?>
<!DOCTYPE html PUBLIC "-//W3C//DTD XHTML 1.0 Transitional//EN"
    "http://www.w3.org/TR/xhtml1/DTD/xhtml1-transitional.dtd">
<html xmlns="http://www.w3.org/1999/xhtml" xml:lang="en" lang="en">
 <head>
  <title>
</title>
<meta http-equiv="Content-Type" content="text/html;charset=utf-8" />
  <meta name='ocr-system' content='tesseract 3.04.00' />
  <meta name='ocr-capabilities' content='ocr_page ocr_carea ocr_par ocr_line ocrx_word'/>
</head>
<body>
  <div class='ocr_page' id='page_1' title='image "./herodotihistori03herogoog_0043.png"; bbox 0 0 2354 3840; ppageno 0'>
   <div class='ocr_carea' id='block_1_1' title="bbox 103 224 725 288">
    <p class='ocr_par' dir='ltr' id='par_1_1' title="bbox 103 224 725 288">
     <span class='ocr_line' id='line_1_1' title="bbox 103 224 725 288; baseline -0.006 0"><span class='ocrx_word' id='word_1_1' title='bbox 103 224 146 288; x_wconf 81' lang='grc'><strong><em>34</em></strong></span> <span class='ocrx_word' id='word_1_2' title='bbox 474 229 725 286; x_wconf 82' lang='lat' dir='ltr'>HERODOTI</span> 
     </span>
    </p>
   </div>
   <div class='ocr_carea' id='block_1_2' title="bbox 62 385 1125 3497">
    <p class='ocr_par' dir='ltr' id='par_1_2' title="bbox 105 385 1105 672">
     <span class='ocr_line' id='line_1_2' title="bbox 105 385 1105 472; baseline 0.001 -18"><span class='ocrx_word' id='word_1_3' title='bbox 105 388 195 456; x_wconf 84' lang='grc' dir='ltr'><strong><em>τιέων</em></strong></span> <span class='ocrx_word' id='word_1_4' title='bbox 209 389 272 454; x_wconf 84' lang='grc' dir='ltr'><strong><em>αίεὶ</em></strong></span> <span class='ocrx_word' id='word_1_5' title='bbox 286 390 320 453; x_wconf 87' lang='grc' dir='ltr'><strong><em>οί</em></strong></span> <span class='ocrx_word' id='word_1_6' title='bbox 332 385 566 472; x_wconf 84' lang='grc' dir='ltr'><strong><em>πρεσβύτατοι,</em></strong></span> <span class='ocrx_word' id='word_1_7' title='bbox 581 390 678 452; x_wconf 89' lang='grc' dir='ltr'><strong><em>πέντε</em></strong></span> <span class='ocrx_word' id='word_1_8' title='bbox 691 391 779 464; x_wconf 80' lang='grc' dir='ltr'><strong><em>ἔτεος</em></strong></span> <span class='ocrx_word' id='word_1_9' title='bbox 791 388 945 470; x_wconf 81' lang='grc' dir='ltr'><strong><em>ἑκάστου,</em></strong></span> <span class='ocrx_word' id='word_1_10' title='bbox 958 411 1039 463; x_wconf 90' lang='grc' dir='ltr'><strong><em>τους</em></strong></span> <span class='ocrx_word' id='word_1_11' title='bbox 1053 390 1105 455; x_wconf 73' lang='grc' dir='ltr'><strong><em>δελ</em></strong></span> 
     </span>
     <span class='ocr_line' id='line_1_3' title="bbox 105 480 1105 571; baseline -0.001 -20"><span class='ocrx_word' id='word_1_12' title='bbox 105 491 226 552; x_wconf 82' lang='grc' dir='ltr'><strong><em>τοῦτον</em></strong></span> <span class='ocrx_word' id='word_1_13' title='bbox 248 481 308 550; x_wconf 82' lang='grc' dir='ltr'><strong><em>τόν</em></strong></span> <span class='ocrx_word' id='word_1_14' title='bbox 333 480 505 569; x_wconf 84' lang='grc' dir='ltr'><strong><em>ἐνιαυτόν,</em></strong></span> <span class='ocrx_word' id='word_1_15' title='bbox 530 481 591 550; x_wconf 84' lang='grc' dir='ltr'><strong><em>τὸν</em></strong></span> <span class='ocrx_word' id='word_1_16' title='bbox 615 481 659 549; x_wconf 84' lang='grc' dir='ltr'><strong><em>άν</em></strong></span> <span class='ocrx_word' id='word_1_17' title='bbox 679 486 787 562; x_wconf 80' lang='grc' dir='ltr'><strong><em>ἐξίωσι</em></strong></span> <span class='ocrx_word' id='word_1_18' title='bbox 809 487 845 550; x_wconf 90' lang='grc' dir='ltr'><strong><em>ἐκ</em></strong></span> <span class='ocrx_word' id='word_1_19' title='bbox 873 489 941 550; x_wconf 84' lang='grc' dir='ltr'><strong><em>τών</em></strong></span> <span class='ocrx_word' id='word_1_20' title='bbox 961 483 1105 571; x_wconf 76' lang='grc' dir='ltr'><strong><em>ἱππέων,-</em></strong></span> 
     </span>
     <span class='ocr_line' id='line_1_4' title="bbox 107 580 1100 672; baseline -0.003 -21"><span class='ocrx_word' id='word_1_21' title='bbox 107 583 345 668; x_wconf 88' lang='grc' dir='ltr'><strong><em>Σπαρτιητέων</em></strong></span> <span class='ocrx_word' id='word_1_22' title='bbox 369 589 414 671; x_wconf 76' lang='grc' dir='ltr'><strong><em>τῷ</em></strong></span> <span class='ocrx_word' id='word_1_23' title='bbox 439 589 542 672; x_wconf 76' lang='grc' dir='ltr'><strong><em>κοινῷ</em></strong></span> <span class='ocrx_word' id='word_1_24' title='bbox 572 586 859 666; x_wconf 78' lang='grc' dir='ltr'><strong><em>διαπεμπομένους</em></strong></span> <span class='ocrx_word' id='word_1_25' title='bbox 883 580 927 668; x_wconf 83' lang='grc' dir='ltr'><strong><em>μή</em></strong></span> <span class='ocrx_word' id='word_1_26' title='bbox 955 581 1100 650; x_wconf 77' lang='grc' dir='ltr'><strong><em>ἐλινύειν</em></strong></span> 
     </span>
    </p>

    <p class='ocr_par' dir='ltr' id='par_1_3' title="bbox 62 672 1114 1153">
     <span class='ocr_line' id='line_1_5' title="bbox 62 672 1109 767; baseline -0.001 -23"><span class='ocrx_word' id='word_1_27' title='bbox 62 677 229 756; x_wconf 76' lang='grc' dir='ltr'><strong><em>σῦάλλονς</em></strong></span> <span class='ocrx_word' id='word_1_28' title='bbox 250 676 342 766; x_wconf 86' lang='grc' dir='ltr'><strong><em>άλλη.</em></strong></span> <span class='ocrx_word' id='word_1_29' title='bbox 387 678 525 746; x_wconf 83' lang='grc' dir='ltr'><strong><em>Τούτων</em></strong></span> <span class='ocrx_word' id='word_1_30' title='bbox 549 672 598 745; x_wconf 84' lang='grc' dir='ltr'><strong><em>ών</em></strong></span> <span class='ocrx_word' id='word_1_31' title='bbox 616 685 684 745; x_wconf 85' lang='grc' dir='ltr'><strong><em>τών</em></strong></span> <span class='ocrx_word' id='word_1_32' title='bbox 706 674 841 763; x_wconf 81' lang='grc' dir='ltr'><strong><em>άνδρών</em></strong></span> <span class='ocrx_word' id='word_1_33' title='bbox 856 685 956 764; x_wconf 81' lang='grc' dir='ltr'><strong><em>Λίχης</em></strong></span> <span class='ocrx_word' id='word_1_34' title='bbox 979 674 1109 767; x_wconf 75' lang='grc' dir='ltr'><strong><em>ἀνεῦρε</em></strong></span> 
     </span>
     <span class='ocr_line' id='line_1_6' title="bbox 106 773 1109 897; baseline -0.001 -54"><span class='ocrx_word' id='word_1_35' title='bbox 106 779 144 844; x_wconf 86' lang='grc' dir='ltr'><strong><em>ἐν</em></strong></span> <span class='ocrx_word' id='word_1_36' title='bbox 167 777 270 863; x_wconf 79' lang='grc' dir='ltr'><strong><em>Τεγέη</em></strong></span> <span class='ocrx_word' id='word_1_37' title='bbox 289 779 344 843; x_wconf 85' lang='grc' dir='ltr'><strong><em>καὶ</em></strong></span> <span class='ocrx_word' id='word_1_38' title='bbox 357 783 525 897; x_wconf 85' lang='grc' dir='ltr'><strong><em>συντυχίη</em></strong></span> <span class='ocrx_word' id='word_1_39' title='bbox 549 776 755 863; x_wconf 86' lang='grc' dir='ltr'><strong><em>χρησάμενος</em></strong></span> <span class='ocrx_word' id='word_1_40' title='bbox 769 777 825 843; x_wconf 79' lang='grc' dir='ltr'><strong><em>καί</em></strong></span> <span class='ocrx_word' id='word_1_41' title='bbox 839 781 949 892; x_wconf 85' lang='grc' dir='ltr'><strong><em>σοφίη.</em></strong></span> <span class='ocrx_word' id='word_1_42' title='bbox 982 773 1109 858; x_wconf 85' lang='grc' dir='ltr'><strong><em>ἐούσης--</em></strong></span> 
     </span>
     <span class='ocr_line' id='line_1_7' title="bbox 106 869 1113 960; baseline 0.001 -21"><span class='ocrx_word' id='word_1_43' title='bbox 106 869 170 960; x_wconf 85' lang='grc' dir='ltr'><strong><em>γάρ</em></strong></span> <span class='ocrx_word' id='word_1_44' title='bbox 192 878 312 939; x_wconf 85' lang='grc' dir='ltr'><strong><em>τοῦτον</em></strong></span> <span class='ocrx_word' id='word_1_45' title='bbox 331 869 392 940; x_wconf 86' lang='grc' dir='ltr'><strong><em>τόν</em></strong></span> <span class='ocrx_word' id='word_1_46' title='bbox 411 874 535 960; x_wconf 91' lang='grc' dir='ltr'><strong><em>χρόνον</em></strong></span> <span class='ocrx_word' id='word_1_47' title='bbox 558 877 718 960; x_wconf 76' lang='grc' dir='ltr'><strong><em>ἐπιμιξίης</em></strong></span> <span class='ocrx_word' id='word_1_48' title='bbox 739 870 823 960; x_wconf 86' lang='grc' dir='ltr'><strong><em>πρός</em></strong></span> <span class='ocrx_word' id='word_1_49' title='bbox 842 870 921 949; x_wconf 86' lang='grc' dir='ltr'><strong><em>τούς</em></strong></span> <span class='ocrx_word' id='word_1_50' title='bbox 939 871 1113 960; x_wconf 80' lang='grc' dir='ltr'><strong><em>Τεγεήτας·</em></strong></span> 
     </span>
     <span class='ocr_line' id='line_1_8' title="bbox 107 963 1114 1089; baseline -0.003 -52"><span class='ocrx_word' id='word_1_51' title='bbox 107 963 218 1037; x_wconf 80' lang='grc' dir='ltr'><strong><em>ἐλθών</em></strong></span> <span class='ocrx_word' id='word_1_52' title='bbox 233 969 266 1046; x_wconf 85' lang='grc' dir='ltr'><strong><em>ἐς</em></strong></span> <span class='ocrx_word' id='word_1_53' title='bbox 280 969 439 1088; x_wconf 73' lang='grc' dir='ltr'><strong><em>χαλκήιον</em></strong></span> <span class='ocrx_word' id='word_1_54' title='bbox 453 973 586 1059; x_wconf 81' lang='grc' dir='ltr'><strong><em>ἐθηέετο</em></strong></span> <span class='ocrx_word' id='word_1_55' title='bbox 601 974 738 1089; x_wconf 84' lang='grc' dir='ltr'><strong><em>σίδηρον</em></strong></span> <span class='ocrx_word' id='word_1_56' title='bbox 754 967 1033 1055; x_wconf 76' lang='grc' dir='ltr'><strong><em>ἐξελαυνόμενον,</em></strong></span> <span class='ocrx_word' id='word_1_57' title='bbox 1048 966 1114 1053; x_wconf 71' lang='grc' dir='ltr'><strong><em>καὶΙ</em></strong></span> 
     </span>
     <span class='ocr_line' id='line_1_9' title="bbox 108 1056 1097 1184; baseline -0.001 -52"><span class='ocrx_word' id='word_1_58' title='bbox 108 1067 145 1132; x_wconf 90' lang='grc' dir='ltr'><strong><em>ἐν</em></strong></span> <span class='ocrx_word' id='word_1_59' title='bbox 176 1057 358 1184; x_wconf 85' lang='grc' dir='ltr'><strong><em>θώματι</em></strong></span> <span class='ocrx_word' id='word_1_60' title='bbox 336 1092 380 1152; x_wconf 91' lang='grc' dir='ltr'><strong><em>ην</em></strong></span> <span class='ocrx_word' id='word_1_61' title='bbox 400 1063 556 1153; x_wconf 81' lang='grc' dir='ltr'><strong><em>ὁρέων</em></strong></span> <span class='ocrx_word' id='word_1_62' title='bbox 522 1092 558 1134; x_wconf 91' lang='grc' dir='ltr'><strong><em>το</em></strong></span> <span class='ocrx_word' id='word_1_63' title='bbox 575 1066 785 1151; x_wconf 78' lang='grc' dir='ltr'><strong><em>ποιεύμενον.</em></strong></span> <span class='ocrx_word' id='word_1_64' title='bbox 816 1063 938 1151; x_wconf 82' lang='grc' dir='ltr'><strong><em>μαθών</em></strong></span> <span class='ocrx_word' id='word_1_65' title='bbox 953 1068 993 1133; x_wconf 91' lang='grc' dir='ltr'><strong><em>δέ</em></strong></span> <span class='ocrx_word' id='word_1_66' title='bbox 1006 1056 1097 1151; x_wconf 85' lang='grc' dir='ltr'><strong><em>μινό</em></strong></span> 
     </span>
    </p>

    <p class='ocr_par' dir='ltr' id='par_1_4' title="bbox 82 1157 1125 3483">
     <span class='ocr_line' id='line_1_10' title="bbox 82 1157 1097 1283; baseline 0.002 -56"><span class='ocrx_word' id='word_1_67' title='bbox 82 1158 85 1162; x_wconf 49' lang='grc'>“</span> <span class='ocrx_word' id='word_1_68' title='bbox 103 1159 246 1283; x_wconf 80' lang='grc' dir='ltr'><strong><em>χαλκεύς</em></strong></span> <span class='ocrx_word' id='word_1_69' title='bbox 286 1157 547 1250; x_wconf 74' lang='grc' dir='ltr'><strong><em>ἀποθωμάζοντα</em></strong></span> <span class='ocrx_word' id='word_1_70' title='bbox 583 1162 652 1231; x_wconf 78' lang='grc' dir='ltr'><strong><em>εἶπε</em></strong></span> <span class='ocrx_word' id='word_1_71' title='bbox 670 1162 882 1248; x_wconf 80' lang='grc' dir='ltr'><strong><em>παυσάμενος</em></strong></span> <span class='ocrx_word' id='word_1_72' title='bbox 900 1169 970 1235; x_wconf 81' lang='grc' dir='ltr'><strong><em>τοῦ,</em></strong></span> <span class='ocrx_word' id='word_1_73' title='bbox 969 1169 1097 1249; x_wconf 72' lang='grc' dir='ltr'><strong><em>ἔργον·</em></strong></span> 
     </span>
     <span class='ocr_line' id='line_1_11' title="bbox 103 1252 1114 1347; baseline 0.003 -23.027"><span class='ocrx_word' id='word_1_74' title='bbox 103 1252 147 1324; x_wconf 90' lang='lat' dir='ltr'><em>H</em></span> <span class='ocrx_word' id='word_1_75' title='bbox 167 1283 230 1325; x_wconf 90' lang='grc' dir='ltr'><strong><em>κου</em></strong></span> <span class='ocrx_word' id='word_1_76' title='bbox 256 1254 317 1344; x_wconf 84' lang='grc' dir='ltr'><strong><em>άν,</em></strong></span> <span class='ocrx_word' id='word_1_77' title='bbox 344 1252 372 1327; x_wconf 83' lang='grc' dir='ltr'><strong><em>ώ</em></strong></span> <span class='ocrx_word' id='word_1_78' title='bbox 397 1261 638 1346; x_wconf 82' lang='grc' dir='ltr'><strong><em>ξείνεΛάκων,</em></strong></span> <span class='ocrx_word' id='word_1_79' title='bbox 665 1269 756 1347; x_wconf 87' lang='grc' dir='ltr'><strong><em>είπερ</em></strong></span> <span class='ocrx_word' id='word_1_80' title='bbox 782 1258 924 1337; x_wconf 81' lang='grc' dir='ltr'><strong><em>εἷδες’</em></strong></span> <span class='ocrx_word' id='word_1_81' title='bbox 885 1284 986 1344; x_wconf 86' lang='grc' dir='ltr'><strong><em>τοπερ</em></strong></span> <span class='ocrx_word' id='word_1_82' title='bbox 1026 1252 1114 1344; x_wconf 61' lang='grc' dir='ltr'><strong><em>ἐγώ,</em></strong></span> 
     </span>
     <span class='ocr_line' id='line_1_12' title="bbox 109 1350 1102 1443; baseline 0 -22"><span class='ocrx_word' id='word_1_83' title='bbox 109 1353 213 1439; x_wconf 86' lang='grc' dir='ltr'><strong><em>κάρτα</em></strong></span> <span class='ocrx_word' id='word_1_84' title='bbox 227 1350 272 1423; x_wconf 82' lang='grc' dir='ltr'><strong><em>άν</em></strong></span> <span class='ocrx_word' id='word_1_85' title='bbox 298 1355 480 1443; x_wconf 86' lang='grc' dir='ltr'><strong><em>ἐθώμαζες,</em></strong></span> <span class='ocrx_word' id='word_1_86' title='bbox 509 1357 595 1424; x_wconf 86' lang='grc' dir='ltr'><strong><em>ὅκου</em></strong></span> <span class='ocrx_word' id='word_1_87' title='bbox 608 1362 675 1424; x_wconf 85' lang='grc' dir='ltr'><strong><em>νῦν</em></strong></span> <span class='ocrx_word' id='word_1_88' title='bbox 688 1354 778 1423; x_wconf 85' lang='grc' dir='ltr'><strong><em>οὕτω</em></strong></span> <span class='ocrx_word' id='word_1_89' title='bbox 792 1355 966 1442; x_wconf 78' lang='grc' dir='ltr'><strong><em>τυγχάνεις</em></strong></span> <span class='ocrx_word' id='word_1_90' title='bbox 1002 1355 1102 1440; x_wconf 78' lang='grc' dir='ltr'><strong><em>θώμσ</em></strong></span> 
     </span>
     <span class='ocr_line' id='line_1_13' title="bbox 108 1449 1098 1540; baseline 0.002 -23"><span class='ocrx_word' id='word_1_91' title='bbox 108 1451 306 1536; x_wconf 87' lang='grc' dir='ltr'><strong><em>ποιεύμενος</em></strong></span> <span class='ocrx_word' id='word_1_92' title='bbox 318 1450 379 1538; x_wconf 80' lang='grc' dir='ltr'><strong><em>τήν</em></strong></span> <span class='ocrx_word' id='word_1_93' title='bbox 393 1456 551 1540; x_wconf 73' lang='grc' dir='ltr'><strong><em>ἐργασίην</em></strong></span> <span class='ocrx_word' id='word_1_94' title='bbox 564 1459 625 1520; x_wconf 89' lang='grc' dir='ltr'><strong><em>τοῦ</em></strong></span> <span class='ocrx_word' id='word_1_95' title='bbox 639 1452 789 1539; x_wconf 90' lang='grc' dir='ltr'><strong><em>σιδήρου.</em></strong></span> <span class='ocrx_word' id='word_1_96' title='bbox 815 1450 880 1538; x_wconf 84' lang='grc' dir='ltr'><strong><em>ἐγώ</em></strong></span> <span class='ocrx_word' id='word_1_97' title='bbox 894 1449 959 1539; x_wconf 87' lang='grc' dir='ltr'><strong><em>γάρ</em></strong></span> <span class='ocrx_word' id='word_1_98' title='bbox 974 1455 1012 1520; x_wconf 91' lang='grc' dir='ltr'><strong><em>ἐν</em></strong></span> <span class='ocrx_word' id='word_1_99' title='bbox 1026 1452 1098 1539; x_wconf 65' lang='grc' dir='ltr'><strong><em>τῇδε</em></strong></span> 
     </span>
     <span class='ocr_line' id='line_1_14' title="bbox 109 1544 1099 1637; baseline 0.002 -22"><span class='ocrx_word' id='word_1_100' title='bbox 109 1550 237 1615; x_wconf 79' lang='grc' dir='ltr'><strong><em>ἐθέλων</em></strong></span> <span class='ocrx_word' id='word_1_101' title='bbox 251 1553 292 1634; x_wconf 79' lang='grc' dir='ltr'><strong><em>τῇ</em></strong></span> <span class='ocrx_word' id='word_1_102' title='bbox 308 1544 394 1637; x_wconf 79' lang='grc' dir='ltr'><strong><em>αύλή</em></strong></span> <span class='ocrx_word' id='word_1_103' title='bbox 407 1553 514 1637; x_wconf 81' lang='grc' dir='ltr'><strong><em>φρέαρ</em></strong></span> <span class='ocrx_word' id='word_1_104' title='bbox 528 1550 751 1635; x_wconf 82' lang='grc' dir='ltr'><strong><em>ποιήσασθαι,</em></strong></span> <span class='ocrx_word' id='word_1_105' title='bbox 776 1545 931 1635; x_wconf 87' lang='grc' dir='ltr'><strong><em>ὀρύσσων</em></strong></span> <span class='ocrx_word' id='word_1_106' title='bbox 944 1551 1099 1633; x_wconf 55' lang='grc' dir='ltr'><strong><em>ἐπέτυχον</em></strong></span> 
     </span>
     <span class='ocr_line' id='line_1_15' title="bbox 109 1643 1098 1734; baseline -0.002 -20"><span class='ocrx_word' id='word_1_107' title='bbox 109 1653 198 1734; x_wconf 78' lang='grc' dir='ltr'><strong><em>σορῷ</em></strong></span> <span class='ocrx_word' id='word_1_108' title='bbox 215 1647 406 1734; x_wconf 76' lang='grc' dir='ltr'><strong><em>ἑπταπήχεϊ·</em></strong></span> <span class='ocrx_word' id='word_1_109' title='bbox 430 1645 497 1717; x_wconf 85' lang='grc' dir='ltr'><strong><em>ύπό</em></strong></span> <span class='ocrx_word' id='word_1_110' title='bbox 513 1650 550 1716; x_wconf 78' lang='grc' dir='ltr'><strong><em>δέ</em></strong></span> <span class='ocrx_word' id='word_1_111' title='bbox 565 1643 715 1732; x_wconf 89' lang='grc' dir='ltr'><strong><em>άπιστίης</em></strong></span> <span class='ocrx_word' id='word_1_112' title='bbox 730 1643 773 1733; x_wconf 82' lang='grc' dir='ltr'><strong><em>μή</em></strong></span> <span class='ocrx_word' id='word_1_113' title='bbox 789 1646 851 1732; x_wconf 76' lang='grc' dir='ltr'><strong><em>μέν</em></strong></span> <span class='ocrx_word' id='word_1_114' title='bbox 863 1649 1025 1733; x_wconf 82' lang='grc' dir='ltr'><strong><em>γενέσθαι</em></strong></span> <span class='ocrx_word' id='word_1_115' title='bbox 1039 1668 1098 1732; x_wconf 65' lang='grc' dir='ltr'><strong><em>μηε</em></strong></span> 
     </span>
     <span class='ocr_line' id='line_1_16' title="bbox 111 1741 1103 1835; baseline 0.001 -23"><span class='ocrx_word' id='word_1_116' title='bbox 111 1741 198 1830; x_wconf 84' lang='grc' dir='ltr'><strong><em>δαμά</em></strong></span> <span class='ocrx_word' id='word_1_117' title='bbox 215 1746 352 1830; x_wconf 86' lang='grc' dir='ltr'><strong><em>μέζονας</em></strong></span> <span class='ocrx_word' id='word_1_118' title='bbox 368 1743 573 1835; x_wconf 86' lang='grc' dir='ltr'><strong><em>άνθρώπους</em></strong></span> <span class='ocrx_word' id='word_1_119' title='bbox 588 1752 655 1813; x_wconf 82' lang='grc' dir='ltr'><strong><em>τῶν</em></strong></span> <span class='ocrx_word' id='word_1_120' title='bbox 677 1752 743 1812; x_wconf 84' lang='grc' dir='ltr'><strong><em>νύν</em></strong></span> <span class='ocrx_word' id='word_1_121' title='bbox 763 1743 878 1826; x_wconf 84' lang='grc' dir='ltr'><strong><em>άνοιξα</em></strong></span> <span class='ocrx_word' id='word_1_122' title='bbox 897 1743 1024 1834; x_wconf 86' lang='grc' dir='ltr'><strong><em>αύτήν,</em></strong></span> <span class='ocrx_word' id='word_1_123' title='bbox 1049 1744 1103 1813; x_wconf 75' lang='grc' dir='ltr'><strong><em>τισί</em></strong></span> 
     </span>
     <span class='ocr_line' id='line_1_17' title="bbox 111 1840 1101 1935; baseline 0.002 -24"><span class='ocrx_word' id='word_1_124' title='bbox 111 1842 200 1912; x_wconf 79' lang='grc' dir='ltr'><strong><em>εἶδον</em></strong></span> <span class='ocrx_word' id='word_1_125' title='bbox 214 1840 274 1910; x_wconf 85' lang='grc' dir='ltr'><strong><em>τόν</em></strong></span> <span class='ocrx_word' id='word_1_126' title='bbox 288 1842 411 1933; x_wconf 89' lang='grc' dir='ltr'><strong><em>νεκρόν</em></strong></span> <span class='ocrx_word' id='word_1_127' title='bbox 423 1846 523 1932; x_wconf 75' lang='grc' dir='ltr'><strong><em>μήκεϊ</em></strong></span> <span class='ocrx_word' id='word_1_128' title='bbox 546 1852 623 1913; x_wconf 77' lang='grc' dir='ltr'><strong><em>ἴσον</em></strong></span> <span class='ocrx_word' id='word_1_129' title='bbox 637 1845 735 1914; x_wconf 91' lang='grc' dir='ltr'><strong><em>ἐόντα</em></strong></span> <span class='ocrx_word' id='word_1_130' title='bbox 754 1853 794 1933; x_wconf 75' lang='grc' dir='ltr'><strong><em>τῇ</em></strong></span> <span class='ocrx_word' id='word_1_131' title='bbox 811 1853 908 1935; x_wconf 73' lang='grc' dir='ltr'><strong><em>σορῷ.</em></strong></span> <span class='ocrx_word' id='word_1_132' title='bbox 941 1842 1101 1933; x_wconf 71' lang='grc' dir='ltr'><strong><em>μετρήσας</em></strong></span> 
     </span>
     <span class='ocr_line' id='line_1_18' title="bbox 110 1938 1105 2030; baseline 0.003 -22"><span class='ocrx_word' id='word_1_133' title='bbox 110 1940 146 2009; x_wconf 78' lang='grc' dir='ltr'><strong><em>δέ</em></strong></span> <span class='ocrx_word' id='word_1_134' title='bbox 160 1943 330 2027; x_wconf 77' lang='grc' dir='ltr'><strong><em>συνέχωσα</em></strong></span> <span class='ocrx_word' id='word_1_135' title='bbox 345 1938 459 2011; x_wconf 88' lang='grc' dir='ltr'><strong><em>ὀπίσω.</em></strong></span> <span class='ocrx_word' id='word_1_136' title='bbox 490 1941 526 2012; x_wconf 86' lang='lat'><strong><em>‘0</em></strong></span> <span class='ocrx_word' id='word_1_137' title='bbox 540 1944 604 2030; x_wconf 74' lang='grc' dir='ltr'><strong><em>μὲν</em></strong></span> <span class='ocrx_word' id='word_1_138' title='bbox 618 1944 660 2030; x_wconf 89' lang='grc' dir='ltr'><strong><em>δή</em></strong></span> <span class='ocrx_word' id='word_1_139' title='bbox 677 1947 712 2010; x_wconf 87' lang='grc' dir='ltr'><strong><em>οί</em></strong></span> <span class='ocrx_word' id='word_1_140' title='bbox 724 1948 815 2027; x_wconf 79' lang='grc' dir='ltr'><strong><em>ἔλεγε</em></strong></span> <span class='ocrx_word' id='word_1_141' title='bbox 829 1941 930 2029; x_wconf 91' lang='grc' dir='ltr'><strong><em>τάπερ</em></strong></span> <span class='ocrx_word' id='word_1_142' title='bbox 961 1939 1105 2024; x_wconf 55' lang='grc' dir='ltr'><strong><em>ὀπώπεα.</em></strong></span> 
     </span>
     <span class='ocr_line' id='line_1_19' title="bbox 110 2034 1109 2126; baseline 0.002 -22"><span class='ocrx_word' id='word_1_143' title='bbox 110 2034 128 2104; x_wconf 93' lang='lat'>6</span> <span class='ocrx_word' id='word_1_144' title='bbox 155 2038 191 2105; x_wconf 81' lang='grc' dir='ltr'><strong><em>δέ</em></strong></span> <span class='ocrx_word' id='word_1_145' title='bbox 216 2037 362 2117; x_wconf 79' lang='grc' dir='ltr'><strong><em>ἐννώσας</em></strong></span> <span class='ocrx_word' id='word_1_146' title='bbox 388 2036 427 2107; x_wconf 85' lang='grc' dir='ltr'><strong><em>τά</em></strong></span> <span class='ocrx_word' id='word_1_147' title='bbox 455 2040 621 2126; x_wconf 85' lang='grc' dir='ltr'><strong><em>λεγόμενα</em></strong></span> <span class='ocrx_word' id='word_1_148' title='bbox 639 2039 861 2126; x_wconf 83' lang='grc' dir='ltr'><strong><em>συνεβάλλετο</em></strong></span> <span class='ocrx_word' id='word_1_149' title='bbox 876 2035 937 2107; x_wconf 90' lang='grc' dir='ltr'><strong><em>τόν</em></strong></span> <span class='ocrx_word' id='word_1_150' title='bbox 954 2035 1109 2124; x_wconf 76' lang='grc' dir='ltr'><strong><em>Ὀρέστην-</em></strong></span> 
     </span>
     <span class='ocr_line' id='line_1_20' title="bbox 111 2129 1109 2223; baseline 0.003 -23"><span class='ocrx_word' id='word_1_151' title='bbox 111 2129 193 2200; x_wconf 83' lang='grc' dir='ltr'><strong><em>κατά</em></strong></span> <span class='ocrx_word' id='word_1_152' title='bbox 206 2130 243 2199; x_wconf 84' lang='grc' dir='ltr'><strong><em>τό</em></strong></span> <span class='ocrx_word' id='word_1_153' title='bbox 258 2134 467 2222; x_wconf 87' lang='grc' dir='ltr'><strong><em>θεοπρόπιον</em></strong></span> <span class='ocrx_word' id='word_1_154' title='bbox 481 2143 605 2204; x_wconf 83' lang='grc' dir='ltr'><strong><em>τοῦτον</em></strong></span> <span class='ocrx_word' id='word_1_155' title='bbox 619 2134 713 2222; x_wconf 76' lang='grc' dir='ltr'><strong><em>εόναι,</em></strong></span> <span class='ocrx_word' id='word_1_156' title='bbox 724 2137 802 2223; x_wconf 81' lang='grc' dir='ltr'><strong><em>τήδε</em></strong></span> <span class='ocrx_word' id='word_1_157' title='bbox 816 2133 1109 2221; x_wconf 81' lang='grc' dir='ltr'><strong><em>συμβαλλόμενος·Ι</em></strong></span> 
     </span>
     <span class='ocr_line' id='line_1_21' title="bbox 110 2228 1119 2320; baseline 0.003 -23"><span class='ocrx_word' id='word_1_158' title='bbox 110 2236 171 2297; x_wconf 85' lang='grc' dir='ltr'><strong><em>τοῦ</em></strong></span> <span class='ocrx_word' id='word_1_159' title='bbox 195 2233 330 2315; x_wconf 85' lang='grc' dir='ltr'><strong><em>χαλκέος</em></strong></span> <span class='ocrx_word' id='word_1_160' title='bbox 353 2232 416 2299; x_wconf 89' lang='grc' dir='ltr'><strong><em>δύο</em></strong></span> <span class='ocrx_word' id='word_1_161' title='bbox 440 2230 547 2320; x_wconf 86' lang='grc' dir='ltr'><strong><em>ὁρίων</em></strong></span> <span class='ocrx_word' id='word_1_162' title='bbox 571 2233 680 2318; x_wconf 85' lang='grc' dir='ltr'><strong><em>φύσας</em></strong></span> <span class='ocrx_word' id='word_1_163' title='bbox 701 2229 780 2310; x_wconf 83' lang='grc' dir='ltr'><strong><em>τούς</em></strong></span> <span class='ocrx_word' id='word_1_164' title='bbox 800 2228 944 2317; x_wconf 89' lang='grc' dir='ltr'><strong><em>άνέμους</em></strong></span> <span class='ocrx_word' id='word_1_165' title='bbox 971 2231 1119 2320; x_wconf 61' lang='grc' dir='ltr'><strong><em>εὕρισκ’</em></strong></span> 
     </span>
     <span class='ocr_line' id='line_1_22' title="bbox 111 2323 1106 2416; baseline 0.008 -22"><span class='ocrx_word' id='word_1_166' title='bbox 111 2325 242 2412; x_wconf 88' lang='grc' dir='ltr'><strong><em>ἐόντας,</em></strong></span> <span class='ocrx_word' id='word_1_167' title='bbox 267 2323 327 2394; x_wconf 83' lang='grc' dir='ltr'><strong><em>τὸν</em></strong></span> <span class='ocrx_word' id='word_1_168' title='bbox 348 2327 385 2395; x_wconf 76' lang='grc' dir='ltr'><strong><em>δέ</em></strong></span> <span class='ocrx_word' id='word_1_169' title='bbox 407 2326 537 2416; x_wconf 84' lang='grc' dir='ltr'><strong><em>άκμονα</em></strong></span> <span class='ocrx_word' id='word_1_170' title='bbox 563 2331 617 2396; x_wconf 84' lang='grc' dir='ltr'><strong><em>καί</em></strong></span> <span class='ocrx_word' id='word_1_171' title='bbox 635 2326 697 2416; x_wconf 81' lang='grc' dir='ltr'><strong><em>τήν</em></strong></span> <span class='ocrx_word' id='word_1_172' title='bbox 712 2334 847 2415; x_wconf 83' lang='grc' dir='ltr'><strong><em>σφῦραν</em></strong></span> <span class='ocrx_word' id='word_1_173' title='bbox 869 2327 930 2397; x_wconf 89' lang='grc' dir='ltr'><strong><em>τόν</em></strong></span> <span class='ocrx_word' id='word_1_174' title='bbox 948 2354 983 2397; x_wconf 90' lang='grc' dir='ltr'><strong><em>τε</em></strong></span> <span class='ocrx_word' id='word_1_175' title='bbox 997 2330 1106 2403; x_wconf 63' lang='grc' dir='ltr'><strong><em>τύπω</em></strong></span> 
     </span>
     <span class='ocr_line' id='line_1_23' title="bbox 111 2414 1124 2512; baseline 0.004 -23"><span class='ocrx_word' id='word_1_176' title='bbox 111 2424 166 2490; x_wconf 83' lang='grc' dir='ltr'><strong><em>καί</em></strong></span> <span class='ocrx_word' id='word_1_177' title='bbox 189 2421 250 2490; x_wconf 83' lang='grc' dir='ltr'><strong><em>τὸν</em></strong></span> <span class='ocrx_word' id='word_1_178' title='bbox 273 2420 469 2512; x_wconf 88' lang='grc' dir='ltr'><strong><em>άντίτυπον,</em></strong></span> <span class='ocrx_word' id='word_1_179' title='bbox 494 2423 555 2494; x_wconf 85' lang='grc' dir='ltr'><strong><em>τόν</em></strong></span> <span class='ocrx_word' id='word_1_180' title='bbox 581 2427 617 2493; x_wconf 79' lang='grc' dir='ltr'><strong><em>δέ</em></strong></span> <span class='ocrx_word' id='word_1_181' title='bbox 640 2425 900 2510; x_wconf 77' lang='grc' dir='ltr'><strong><em>ἐξελαυνόμενον</em></strong></span> <span class='ocrx_word' id='word_1_182' title='bbox 914 2431 1056 2512; x_wconf 90' lang='grc' dir='ltr'><strong><em>σίδηρον</em></strong></span> <span class='ocrx_word' id='word_1_183' title='bbox 1068 2414 1124 2493; x_wconf 71' lang='grc' dir='ltr'><strong><em>τδῚ</em></strong></span> 
     </span>
     <span class='ocr_line' id='line_1_24' title="bbox 111 2518 1109 2614; baseline 0.004 -29"><span class='ocrx_word' id='word_1_184' title='bbox 111 2525 202 2604; x_wconf 79' lang='grc' dir='ltr'><strong><em>πῆμα</em></strong></span> <span class='ocrx_word' id='word_1_185' title='bbox 223 2518 275 2587; x_wconf 77' lang='grc' dir='ltr'><strong><em>ἐπί</em></strong></span> <span class='ocrx_word' id='word_1_186' title='bbox 297 2520 421 2608; x_wconf 88' lang='grc' dir='ltr'><strong><em>πήματι</em></strong></span> <span class='ocrx_word' id='word_1_187' title='bbox 441 2530 614 2609; x_wconf 87' lang='grc' dir='ltr'><strong><em>κείμενον,</em></strong></span> <span class='ocrx_word' id='word_1_188' title='bbox 638 2520 722 2590; x_wconf 86' lang='grc' dir='ltr'><strong><em>κατά</em></strong></span> <span class='ocrx_word' id='word_1_189' title='bbox 749 2521 881 2589; x_wconf 88' lang='grc' dir='ltr'><strong><em>τοιόνδε</em></strong></span> <span class='ocrx_word' id='word_1_190' title='bbox 903 2549 934 2590; x_wconf 88' lang='grc' dir='ltr'><strong><em>τι</em></strong></span> <span class='ocrx_word' id='word_1_191' title='bbox 950 2524 1109 2614; x_wconf 79' lang='grc' dir='ltr'><strong><em>εἰκάζων,Ι</em></strong></span> 
     </span>
     <span class='ocr_line' id='line_1_25' title="bbox 113 2614 1124 2708; baseline 0.005 -25"><span class='ocrx_word' id='word_1_192' title='bbox 113 2614 156 2694; x_wconf 80' lang='grc' dir='ltr'><strong><em>ὡς</em></strong></span> <span class='ocrx_word' id='word_1_193' title='bbox 187 2617 238 2682; x_wconf 78' lang='grc' dir='ltr'><strong><em>ἐπὶ</em></strong></span> <span class='ocrx_word' id='word_1_194' title='bbox 272 2622 363 2708; x_wconf 79' lang='grc' dir='ltr'><strong><em>κακῷ</em></strong></span> <span class='ocrx_word' id='word_1_195' title='bbox 393 2616 581 2704; x_wconf 76' lang='grc' dir='ltr'><strong><em>ἀνθρώπου</em></strong></span> <span class='ocrx_word' id='word_1_196' title='bbox 612 2623 746 2706; x_wconf 87' lang='grc' dir='ltr'><strong><em>σίδηρος</em></strong></span> <span class='ocrx_word' id='word_1_197' title='bbox 777 2615 966 2706; x_wconf 76' lang='grc' dir='ltr'><strong><em>ἀνεύρηται.</em></strong></span> <span class='ocrx_word' id='word_1_198' title='bbox 1020 2644 1124 2707; x_wconf 79' lang='grc' dir='ltr'><strong><em>σύμ--Ι</em></strong></span> 
     </span>
     <span class='ocr_line' id='line_1_26' title="bbox 112 2712 1105 2836; baseline 0.007 -57"><span class='ocrx_word' id='word_1_199' title='bbox 112 2712 316 2800; x_wconf 81' lang='grc' dir='ltr'><strong><em>βαλλόμενος</em></strong></span> <span class='ocrx_word' id='word_1_200' title='bbox 335 2713 371 2783; x_wconf 69' lang='grc' dir='ltr'><strong><em>δέ</em></strong></span> <span class='ocrx_word' id='word_1_201' title='bbox 393 2724 497 2784; x_wconf 86' lang='grc' dir='ltr'><strong><em>ταῦτα</em></strong></span> <span class='ocrx_word' id='word_1_202' title='bbox 517 2719 572 2786; x_wconf 78' lang='grc' dir='ltr'><strong><em>καὶ</em></strong></span> <span class='ocrx_word' id='word_1_203' title='bbox 588 2713 748 2785; x_wconf 83' lang='grc' dir='ltr'><strong><em>άπελθεόν</em></strong></span> <span class='ocrx_word' id='word_1_204' title='bbox 761 2719 794 2796; x_wconf 89' lang='grc' dir='ltr'><strong><em>ἐς</em></strong></span> <span class='ocrx_word' id='word_1_205' title='bbox 808 2717 971 2836; x_wconf 81' lang='grc' dir='ltr'><strong><em>Σπάρτην</em></strong></span> <span class='ocrx_word' id='word_1_206' title='bbox 985 2722 1105 2806; x_wconf 76' lang='grc' dir='ltr'><strong><em>ἔφραζε</em></strong></span> 
     </span>
     <span class='ocr_line' id='line_1_27' title="bbox 112 2811 1125 2901; baseline 0.011 -27"><span class='ocrx_word' id='word_1_207' title='bbox 112 2812 400 2895; x_wconf 86' lang='grc' dir='ltr'><strong><em>Λακεδαιμονίοισι</em></strong></span> <span class='ocrx_word' id='word_1_208' title='bbox 421 2819 490 2880; x_wconf 79' lang='grc' dir='ltr'><strong><em>πᾶν</em></strong></span> <span class='ocrx_word' id='word_1_209' title='bbox 509 2811 546 2883; x_wconf 84' lang='grc' dir='ltr'><strong><em>τό</em></strong></span> <span class='ocrx_word' id='word_1_210' title='bbox 567 2820 709 2901; x_wconf 78' lang='grc' dir='ltr'><strong><em>πρῆγμα.</em></strong></span> <span class='ocrx_word' id='word_1_211' title='bbox 750 2818 784 2881; x_wconf 87' lang='grc' dir='ltr'><strong><em>οί</em></strong></span> <span class='ocrx_word' id='word_1_212' title='bbox 769 2816 833 2881; x_wconf 82' lang='grc' dir='ltr'><strong><em>ίδέ</em></strong></span> <span class='ocrx_word' id='word_1_213' title='bbox 848 2815 884 2881; x_wconf 86' lang='grc' dir='ltr'><strong><em>ἐκ</em></strong></span> <span class='ocrx_word' id='word_1_214' title='bbox 899 2813 1006 2899; x_wconf 87' lang='grc' dir='ltr'><strong><em>λόγου</em></strong></span> <span class='ocrx_word' id='word_1_215' title='bbox 1022 2816 1125 2885; x_wconf 47' lang='grc' dir='ltr'><strong><em>πλυτΙ</em></strong></span> 
     </span>
     <span class='ocr_line' id='line_1_28' title="bbox 112 2906 1121 3031; baseline 0.005 -59"><span class='ocrx_word' id='word_1_216' title='bbox 112 2914 192 2974; x_wconf 85' lang='grc' dir='ltr'><strong><em>στοῦ</em></strong></span> <span class='ocrx_word' id='word_1_217' title='bbox 209 2908 433 2989; x_wconf 84' lang='grc' dir='ltr'><strong><em>ἐπενείκαντές</em></strong></span> <span class='ocrx_word' id='word_1_218' title='bbox 453 2916 488 2980; x_wconf 86' lang='grc' dir='ltr'><strong><em>οί</em></strong></span> <span class='ocrx_word' id='word_1_219' title='bbox 507 2917 617 2998; x_wconf 88' lang='grc' dir='ltr'><strong><em>αίτίην</em></strong></span> <span class='ocrx_word' id='word_1_220' title='bbox 631 2906 823 2992; x_wconf 54' lang='grc' dir='ltr'><strong><em>ἐδίωξαν*</em></strong></span> <span class='ocrx_word' id='word_1_221' title='bbox 809 2936 827 2977; x_wconf 95' lang='grc' dir='ltr'><strong><em>ο</em></strong></span> <span class='ocrx_word' id='word_1_222' title='bbox 848 2910 884 2977; x_wconf 78' lang='grc' dir='ltr'><strong><em>δέ</em></strong></span> <span class='ocrx_word' id='word_1_223' title='bbox 897 2907 1121 3031; x_wconf 63' lang='grc' dir='ltr'><strong><em>ἀπικόμενος·Ι</em></strong></span> 
     </span>
     <span class='ocr_line' id='line_1_29' title="bbox 100 3003 1123 3096; baseline 0.011 -29"><span class='ocrx_word' id='word_1_224' title='bbox 100 3003 145 3080; x_wconf 76' lang='grc' dir='ltr'><strong><em>Ιἐς</em></strong></span> <span class='ocrx_word' id='word_1_225' title='bbox 163 3005 286 3088; x_wconf 85' lang='grc' dir='ltr'><strong><em>Τεγέην</em></strong></span> <span class='ocrx_word' id='word_1_226' title='bbox 308 3008 362 3073; x_wconf 85' lang='grc' dir='ltr'><strong><em>καί</em></strong></span> <span class='ocrx_word' id='word_1_227' title='bbox 377 3007 563 3094; x_wconf 79' lang='grc' dir='ltr'><strong><em>φράζων</em></strong></span> <span class='ocrx_word' id='word_1_228' title='bbox 527 3036 589 3096; x_wconf 90' lang='grc' dir='ltr'><strong><em>την</em></strong></span> <span class='ocrx_word' id='word_1_229' title='bbox 607 3012 732 3076; x_wconf 82' lang='grc' dir='ltr'><strong><em>ἑωυτοῦ</em></strong></span> <span class='ocrx_word' id='word_1_230' title='bbox 751 3005 931 3095; x_wconf 83' lang='grc' dir='ltr'><strong><em>συμφορήν</em></strong></span> <span class='ocrx_word' id='word_1_231' title='bbox 947 3005 1034 3093; x_wconf 79' lang='grc' dir='ltr'><strong><em>πρὸς</em></strong></span> <span class='ocrx_word' id='word_1_232' title='bbox 1048 3005 1123 3079; x_wconf 65' lang='grc' dir='ltr'><strong><em>τόν,</em></strong></span> 
     </span>
     <span class='ocr_line' id='line_1_30' title="bbox 110 3100 1114 3195; baseline 0.013 -33"><span class='ocrx_word' id='word_1_233' title='bbox 110 3100 231 3182; x_wconf 80' lang='grc' dir='ltr'><strong><em>χαλκέα</em></strong></span> <span class='ocrx_word' id='word_1_234' title='bbox 266 3101 444 3185; x_wconf 79' lang='grc' dir='ltr'><strong><em>ἐμισθοῦτο</em></strong></span> <span class='ocrx_word' id='word_1_235' title='bbox 476 3103 556 3191; x_wconf 87' lang='grc' dir='ltr'><strong><em>παρ’</em></strong></span> <span class='ocrx_word' id='word_1_236' title='bbox 589 3102 651 3173; x_wconf 88' lang='grc' dir='ltr'><strong><em>ούκ</em></strong></span> <span class='ocrx_word' id='word_1_237' title='bbox 679 3102 867 3180; x_wconf 73' lang='grc' dir='ltr'><strong><em>ἐκδιδόντος</em></strong></span> <span class='ocrx_word' id='word_1_238' title='bbox 896 3100 958 3192; x_wconf 85' lang='grc' dir='ltr'><strong><em>τήν</em></strong></span> <span class='ocrx_word' id='word_1_239' title='bbox 988 3104 1114 3195; x_wconf 64' lang='grc' dir='ltr'><strong><em>αὐλήν.-</em></strong></span> 
     </span>
     <span class='ocr_line' id='line_1_31' title="bbox 111 3192 1110 3359; baseline 0.009 -97"><span class='ocrx_word' id='word_1_240' title='bbox 111 3192 221 3284; x_wconf 82' lang='grc' dir='ltr'><strong><em>χρόνφ</em></strong></span> <span class='ocrx_word' id='word_1_241' title='bbox 235 3193 308 3260; x_wconf 71' lang='grc' dir='ltr'><strong><em>δὲ’</em></strong></span> <span class='ocrx_word' id='word_1_242' title='bbox 286 3221 329 3273; x_wconf 87' lang='grc' dir='ltr'><strong><em>ως</em></strong></span> <span class='ocrx_word' id='word_1_243' title='bbox 335 3195 522 3359; x_wconf 81' lang='grc' dir='ltr'><strong><em>ὀάνέγνωσε,</em></strong></span> <span class='ocrx_word' id='word_1_244' title='bbox 538 3205 727 3288; x_wconf 85' lang='grc' dir='ltr'><strong><em>ἐνοικίσθη,</em></strong></span> <span class='ocrx_word' id='word_1_245' title='bbox 744 3198 909 3287; x_wconf 84' lang='grc' dir='ltr'><strong><em>άνορύξας</em></strong></span> <span class='ocrx_word' id='word_1_246' title='bbox 924 3201 960 3269; x_wconf 75' lang='grc' dir='ltr'><strong><em>δέ</em></strong></span> <span class='ocrx_word' id='word_1_247' title='bbox 973 3199 1038 3271; x_wconf 84' lang='grc' dir='ltr'><strong><em>τὸν</em></strong></span> <span class='ocrx_word' id='word_1_248' title='bbox 1049 3202 1110 3271; x_wconf 82' lang='grc' dir='ltr'><strong><em>τά·</em></strong></span> 
     </span>
     <span class='ocr_line' id='line_1_32' title="bbox 113 3289 1112 3418; baseline 0.012 -64"><span class='ocrx_word' id='word_1_249' title='bbox 113 3311 181 3374; x_wconf 88' lang='grc' dir='ltr'><strong><em>φον</em></strong></span> <span class='ocrx_word' id='word_1_250' title='bbox 201 3289 314 3358; x_wconf 73' lang='grc' dir='ltr'><strong><em>καίτοι</em></strong></span> <span class='ocrx_word' id='word_1_251' title='bbox 335 3289 431 3362; x_wconf 84' lang='grc' dir='ltr'><strong><em>ὀστέα</em></strong></span> <span class='ocrx_word' id='word_1_252' title='bbox 452 3302 610 3379; x_wconf 80' lang='grc' dir='ltr'><strong><em>συλλέξας</em></strong></span> <span class='ocrx_word' id='word_1_253' title='bbox 632 3309 736 3384; x_wconf 87' lang='grc' dir='ltr'><strong><em>οίχετο</em></strong></span> <span class='ocrx_word' id='word_1_254' title='bbox 753 3300 867 3418; x_wconf 80' lang='grc' dir='ltr'><strong><em>φέρωγ</em></strong></span> <span class='ocrx_word' id='word_1_255' title='bbox 887 3299 920 3374; x_wconf 86' lang='grc' dir='ltr'><strong><em>ἐς</em></strong></span> <span class='ocrx_word' id='word_1_256' title='bbox 933 3298 1112 3418; x_wconf 67' lang='grc' dir='ltr'><strong><em>Σπάρτην</em></strong></span> 
     </span>
     <span class='ocr_line' id='line_1_33' title="bbox 112 3383 1117 3497; baseline 0.012 -44"><span class='ocrx_word' id='word_1_257' title='bbox 112 3383 208 3454; x_wconf 73' lang='grc' dir='ltr'><strong><em>ταδ’</em></strong></span> <span class='ocrx_word' id='word_1_258' title='bbox 188 3383 252 3453; x_wconf 89' lang='grc' dir='ltr'><strong><em>από</em></strong></span> <span class='ocrx_word' id='word_1_259' title='bbox 268 3388 390 3458; x_wconf 91' lang='grc' dir='ltr'><strong><em>τούτου</em></strong></span> <span class='ocrx_word' id='word_1_260' title='bbox 410 3401 470 3461; x_wconf 89' lang='grc' dir='ltr'><strong><em>τοῦ</em></strong></span> <span class='ocrx_word' id='word_1_261' title='bbox 483 3396 630 3480; x_wconf 86' lang='grc' dir='ltr'><strong><em>χρόνον,</em></strong></span> <span class='ocrx_word' id='word_1_262' title='bbox 651 3395 750 3476; x_wconf 82' lang='grc' dir='ltr'><strong><em>ὅκως</em></strong></span> <span class='ocrx_word' id='word_1_263' title='bbox 755 3394 919 3488; x_wconf 70' lang='grc' dir='ltr'><strong><em>πειρῴατο</em></strong></span> <span class='ocrx_word' id='word_1_264' title='bbox 943 3391 1117 3497; x_wconf 39' lang='grc' dir='ltr'><strong><em>άλλήλωηῗ</em></strong></span> 
     </span>
    </p>
   </div>
   <div class='ocr_carea' id='block_1_3' title="bbox 64 3466 87 3615">
    <p class='ocr_par' dir='ltr' id='par_1_5' title="bbox 64 3466 87 3615">
     <span class='ocr_line' id='line_1_34' title="bbox 64 3466 87 3615; baseline 0 -28"><span class='ocrx_word' id='word_1_265' title='bbox 64 3466 87 3615; x_wconf 70' lang='lat'><strong><em>6}-</em></strong></span> 
     </span>
    </p>
   </div>
   <div class='ocr_carea' id='block_1_4' title="bbox 0 0 1187 3840">
    <p class='ocr_par' dir='ltr' id='par_1_6' title="bbox 0 0 1187 3840">
     <span class='ocr_line' id='line_1_35' title="bbox 0 0 1187 3840; baseline 0 0"><span class='ocrx_word' id='word_1_266' title='bbox 0 0 1187 3840; x_wconf 95' lang='lat' dir='ltr'><strong><em> </em></strong></span> 
     </span>
    </p>
   </div>
  </div>
 </body>
</html>
