2354 3840
342 203 428 260 LIB.
460 205 504 261 111.
538 204 636 260 CAP.
669 208 810 266 87-91.
1007 202 1067 266 261

65 355 168 428 ούόλν
182 357 294 445 φόρου
310 360 403 446 πέρι,
423 356 507 428 ἀλλά
529 365 620 444 σολρα
641 359 792 449 ἀγίνεον
816 361 871 432 όιά
892 365 929 431 δέ
942 363 1069 448 ταύτην

64 453 127 542 τήν
141 460 289 537 ἐπίταξιν
301 463 363 525 τοῦ
377 457 489 543 φόρου
500 459 555 526 καί
569 461 783 548 παραπλήσια
796 461 900 548 ταύτη
914 457 998 527 ἀλλα
1012 460 1067 525 λε’-

64 576 164 643 γουσι
178 560 323 642 Πέρσαι,
347 552 392 634 ὡς
407 560 551 639 Δοιρείος
566 559 630 643 μὲν
643 550 688 644 ήν
703 556 867 644 κάπηλος,
884 554 1068 642 Καμβύσης

66 653 101 722 δέ
124 656 303 742 δεσπότης,
325 660 438 737 Κῦρος
462 654 498 721 δέ
520 653 646 742 πατήρ,
668 653 686 724 ὁ
708 661 787 743 μὲν,
811 653 862 722 ότι
884 654 1067 740 ἐκαπήλευε

65 750 175 819 πάντα
188 748 229 819 τά
244 752 437 840 πρήγματα,
461 748 479 819 ό
496 753 533 820 δὲ
547 750 598 820 ότι
612 752 754 838 χαλεπός
770 779 806 820 τε
820 745 864 839 ήν
878 754 933 820 καλ
947 748 1068 835 ὀλίγω-

67 875 140 932 ρος,
163 846 237 918 όόὲ
265 846 314 915 ότι
336 846 433 934 ήπιός
456 875 491 917 τε
515 849 571 917 καὶ
596 845 711 934 ἀγαθά
734 869 793 933 σφι
820 852 930 919 πάντα
946 851 1068 935 ἐμηχα-

66 945 198 1032 νήσατο.
240 943 319 1013 ’Λπό
335 945 397 1032 μὲν
411 946 451 1033 δή
470 944 592 1015 Ἰαόνων
613 951 668 1016 καί
682 947 877 1035 Μαγνήτων
892 954 961 1017 τόν
975 950 1011 1015 έν
1027 950 1066 1034 τῇ
1081 962 1116 1019 90

63 1040 153 1133 Ἀσίη
168 1047 224 1113 καί
237 1048 388 1113 Αἰολέων
401 1047 456 1112 καί
474 1051 598 1130 Καρῶν
614 1049 670 1114 καί
686 1053 823 1121 Λυκίων
838 1046 893 1114 καί
904 1046 1067 1114 Μιλυέων

65 1145 120 1210 καί
134 1142 333 1228 Παμφύλων
351 1139 412 1229 (εἷς
427 1140 492 1230 γάρ
507 1136 552 1230 ήν
569 1149 604 1212 οἰ
618 1147 815 1231 τεταγμένος
830 1143 935 1228 φόρος
953 1136 1065 1224 οὗτος)

64 1239 204 1325 προσήιε
219 1240 416 1325 τετρακόσια
436 1241 581 1309 τάλαντα
598 1239 772 1326 ἀργυρίου.
803 1238 820 1308 ὁ
836 1242 898 1327 μέν
914 1238 954 1326 δή
973 1245 1066 1323 πρῶ-

64 1361 119 1414 τος
147 1328 246 1415 ούτός
274 1342 309 1405 οἰ
330 1334 434 1425 νομός
458 1339 669 1425 κατεστήκεε·
702 1335 768 1406 ἀπό
795 1339 832 1405 ἀὲ
853 1345 985 1405 Μυσῶν
1010 1337 1066 1404 καί

62 1436 188 1501 Λυδῶν
201 1436 257 1502 καί
268 1442 444 1502 Λασονίων
458 1439 513 1503 καί
525 1441 705 1520 Καβαλέων
719 1437 775 1503 καί
785 1432 968 1521 ’Τγεννέων
983 1460 1066 1501 κενη

63 1529 202 1599 τακόσια
222 1530 398 1616 τόλανταῂ
413 1530 516 1619 νομός
540 1533 695 1616 δεύτερος
718 1525 824 1611 οὗτος.
860 1530 924 1600 ἀπό
944 1532 979 1600 δὲ
991 1530 1065 1601 Ἑλ-

65 1635 274 1715 λησποντίων
290 1637 359 1696 τόν
380 1631 431 1698 έκλ
452 1627 542 1709 όεξιά
567 1629 750 1698 έσπλύοντι
772 1632 827 1698 καί
841 1637 987 1717 Φρυγῶν
1010 1630 1065 1697 καί

63 1731 220 1811 Θρηίκων
234 1735 302 1794 τῶν
317 1731 353 1794 έν
368 1734 408 1816 τή
420 1725 510 1816 Ἀσίη
522 1731 576 1796 καί
586 1728 825 1815 Παφλαγόνων
839 1731 893 1797 καὶ
905 1738 1066 1814 Μαριαν-

63 1829 179 1892 όυνῶν
196 1826 250 1892 καί
267 1832 406 1910 Συρίων
421 1827 580 1912 ἑξήκοντα
601 1829 657 1893 καί
670 1827 844 1912 τριηκόσια
860 1821 904 1913 ήν
920 1827 1064 1894 τάλαντα

63 1923 187 2007 φόρος·
215 1920 317 2007 νομός
334 1931 443 2007 τρίτος
462 1916 569 2002 οὗτος.
604 1920 669 1990 ἀπὸ
692 1921 727 1990 ἀὲ
744 1930 894 1992 Κιλίκων
913 1927 1009 1992 ἵπποι
1029 1949 1064 1990 τε

62 2022 178 2089 λευκοὶ
193 2021 350 2107 ἑξήκοντα
366 2023 420 2089 καί
434 2019 637 2106 τριηκόσιοι,
660 2020 799 2107 ἑκάστης
815 2017 938 2107 ἡμέρης
953 2016 999 2099 εἰς
1011 2048 1063 2105 γι·

61 2116 220 2202 νόμενος,
242 2121 297 2185 καί
310 2118 455 2187 τάλοιντα
472 2116 638 2204 ἀργυρίου
652 2118 863 2187 πεντακόσια.
884 2119 1014 2188 τούτων
1028 2119 1064 2186 &ts

61 2214 304 2297 τεσσεράκοντα
320 2219 382 2302 μὲν
396 2220 450 2285 καί
462 2213 581 2284 ἑκατόν
593 2219 625 2294 ές
635 2213 697 2301 τήν
709 2219 946 2303 φρουρέουσαν
959 2222 1065 2286 ἵππον

62 2311 124 2400 τήν
141 2319 296 2399 Κιλικίην
311 2315 425 2401 χώρην
439 2311 675 2399 ἀναισιμοῦτο,
697 2312 738 2380 τά
755 2317 790 2381 ἀὲ
811 2314 985 2400 τριηκόσια
1009 2316 1064 2382 καί

60 2412 221 2499 ἑξήκοντα
231 2417 365 2500 Δαρείῳ
381 2411 511 2497 ἐφοίτα·
534 2406 637 2495 νομός
648 2412 800 2502 τέταρτος
814 2403 920 2489 οὗτος.
944 2409 1009 2478 ἀπό
1025 2412 1061 2478 ἀὲ
1076 2418 1109 2475 91

61 2513 264 2595 Ποσειόηίου
279 2511 411 2595 πόλιος,
432 2508 495 2597 τήν
508 2507 703 2595 Ἀμφίλοχος
718 2506 736 2577 ὁ
749 2507 939 2598 Ἀμφιάρεω
957 2521 1062 2580 οἰκισε

61 2607 114 2677 ἐπ’
142 2607 273 2693 οὔροισι
298 2623 382 2676 τοῖσι
404 2616 552 2676 Κιλίκων
577 2634 613 2675 τε
635 2609 691 2675 καὶ
708 2608 851 2695 Σύρων,
873 2606 1062 2696 ἀρξάμενον

60 2707 128 2778 ἀπό
144 2709 266 2794 ταύτης
280 2712 374 2795 μέχρι
390 2709 582 2796 Αἰγύπτου,
598 2705 687 2796 πλήν
697 2715 816 2796 μοίρης
829 2716 886 2796 τής
900 2707 1062 2798 Ἀραβίων

60 2815 180 2897 (ταῦτα
200 2804 265 2894 γάρ
285 2801 329 2893 [ἦν
350 2805 498 2893 ἀτελέα),
520 2807 726 2894 πεντήκοντα
747 2810 803 2876 καί
816 2807 988 2894 τριηκόσια
1002 2805 1063 2874 τά-

60 2917 166 2977 λαντα
181 2905 287 2991 φόρος
301 2899 361 2992 ἦν·
384 2913 452 2975 ἔστι
468 2908 504 2976 δέ
519 2911 556 2975 έν
575 2916 621 2999 τῷ
643 2914 736 3000 νομῷ
748 2908 856 2998 τούτῳ
872 2914 1012 2992 Φοινίκη
1025 2931 1062 2974 τε

59 3013 151 3073 πᾶσα
171 3009 226 3074 καί
241 3012 350 3091 Συρίη
371 3003 391 3092 η
407 3013 612 3092 Παλαιστίνη
630 3009 813 3091 καλεομένη
834 3006 888 3073 καί
907 3004 1061 3090 Κύπρος·

61 3100 165 3189 νομός
178 3103 325 3189 πέμπτος
335 3096 441 3183 οὗτος.
466 3102 524 3172 ἀπ’
537 3106 713 3191 Αἰγύπτου
728 3105 764 3173 ἀὲ
775 3105 830 3172 καί
841 3102 980 3192 Λιβύων
993 3110 1062 3172 τῶν

61 3203 250 3286 προσεχέων
261 3201 420 3292 Αἰγύπτῳ
436 3205 491 3270 καί
501 3204 661 3290 Κυρήνης
674 3229 710 3270 τε
723 3204 779 3271 καί
788 3201 922 3289 Βάρκης
937 3205 985 3282 (ές
995 3200 1060 3288 γάρ

59 3294 120 3365 τόν
146 3297 332 3382 Αἰγύπτιον
363 3296 471 3384 νομόν
504 3292 603 3367 αύται
627 3302 860 3386 ἐκεκοσμέατο)
882 3301 1060 3368 ἑπτακόσια

59 3394 201 3479 προσήιε
215 3392 377 3479 τάλαντα,
397 3395 501 3480 πάρεξ
516 3402 577 3463 τοῦ
592 3399 627 3463 ἐκ
642 3402 700 3483 τῆς
714 3402 859 3481 Μοίριος
874 3402 1128 3620 Mum?
