2354 3840
324 121 410 177 [ιε.
444 120 489 178 lv.
526 119 626 175 οΑΡ.
661 127 836 178 ιιι-εει.
1021 118 1083 184 361

72 273 162 365 αύτῆ
185 275 427 364 μηχανεομένη,
454 280 508 344 καί
528 277 621 354 τέλος
646 277 861 365 μαχλοσύνην
886 281 1084 349 ἐπενείκασά
1140 305 1143 310 ·

72 379 111 445 οί
122 382 233 445 πείθει
244 373 305 445 τόν
315 375 423 463 ἀνδρα
433 383 537 443 ταῦτα
549 380 636 460 ἔχειν
652 371 749 441 οὕτω.
773 370 839 443 ὅδὲ
850 373 1083 462 ἀναγνωσθεὶς

73 473 143 543 ὑπὸ
168 481 226 562 τῆς
245 473 406 562 γυναικός
431 480 532 563 ἐργον
555 471 617 541 οὐκ
641 471 738 542 ὅσιον
761 477 946 562 ἐμηχανᾶτο
967 478 1020 544 ἐπὶ
1040 483 1081 566 τῆ

74 580 230 663 θυγατρί.
252 567 297 662 ῆν
311 570 376 661 γάρ
393 571 432 659 δῆ
449 578 604 659 Θεμίσων
618 568 705 658 ἀνὴρ
720 581 900 660 Θηραῖος
883 596 1026 664 εμπορος
1043 578 1081 644 ἐν
1117 589 1121 595 ’

75 699 115 762 τη
101 670 221 790 Ἀξῷ·
243 677 394 739 τοῦτονο
383 667 575 756 Ἐτέαρχος
586 667 886 757 παραλαβων
807 673 859 739 ἐπὶ
870 678 974 752 είνια
985 675 1080 761 ἐξορ-

75 763 166 856 κοῖή
180 766 243 855 μέν
257 774 292 838 οί
300 764 543 888 διηκονήσειν
525 793 542 834 ο
553 793 586 834 τι
601 761 644 834 ἀν
636 770 775 890 δεηθῆ.
810 771 916 839 πείτε
930 771 966 838 δ
977 768 1081 856 ἐξύρ-

76 892 180 989 κωρε,
203 866 340 955 άγαγάν
360 875 395 938 οί
412 865 644 956 παραδιδοῖ
607 895 670 988 τηγ
691 869 819 938 ἑωυτοῦ
838 875 1010 990 θυγατέρα
1026 872 1080 939 καί

74 970 202 1054 ταύτην
219 969 351 1036 ἐκέλευε
368 974 622 1036 καταποντῶσαι
636 963 862 1053 ἀπαγαγόντα.
887 996 905 1037 ο
893 967 960 1040 ’δέ
977 976 1081 1056 Θεμί-

74 1088 145 1136 σων
159 1066 423 1154 περιημεκτήσας
439 1073 479 1155 τῆ
500 1063 610 1154 ἀπάτη
631 1070 693 1132 τού
715 1061 820 1151 ὅρκου
841 1072 896 1137 καὶ
918 1069 1081 1137 διαλυσά·

73 1177 173 1252 μενος
189 1161 251 1250 τήν
266 1169 391 1251 ξεινίην
407 1165 514 1232 ἐποίεε
527 1161 657 1230 τοιάδε·
680 1163 933 1285 παραλαβύν’
898 1192 960 1252 την
977 1169 1080 1233 παῖδα

73 1258 288 1348 άπέιιλωε,’
267 1287 311 1339 ως
328 1259 364 1329 δέ
390 1263 555 1383 ἐγίνετο’
538 1288 576 1328 εν
595 1268 644 1353 τῶ
661 1260 813 1361 πελάγεϊ,
836 1259 1080 1349 ἀποσιεύμενος

72 1359 134 1449 τήν
149 1362 332 1448 ἐξόρκωσιν
344 1386 406 1428 τον
391 1357 592 1448 Ἐτεάρχου
605 1329 780 1446 σχοινίοισι
795 1362 902 1451 αὐτήν
918 1363 1079 1450 διαδήσας

72 1466 196 1546 κατῆκε
211 1461 244 1537 ἐς
257 1485 294 1525 το
284 1455 504 1544 ’πέλαγος,’
484 1457 680 1537 ανασπάσας
693 1459 730 1526 δέ
744 1456 879 1528 ἀπίκετο
891 1455 970 1540 53⁸
934 1486 997 1547 την
1008 1459 1080 1547 Θή-

73 1584 146 1645 ρην.
188 1553 368 1624 Ἐνθεῦτεν
393 1552 487 1623 δὲ’
451 1582 513 1641 την
533 1562 707 1642 Φρονίμην
733 1554 938 1644 παραλαβύν
960 1557 1079 1631 Πολυ-
1089 1584 1143 1641 15⁶

70 1676 227 1744 μνηστος,
240 1653 306 1723 έών
317 1661 385 1724 τῶν
392 1661 549 1743 Θηραίων
558 1651 643 1741 ἀνήρ
655 1655 803 1741 δόκιμος,
816 1658 1075 1727 ἐπαλλακεύετο·

69 1755 198 1842 χρόνον
221 1756 257 1821 δέ
278 1754 467 1839 περιιόντος
487 1753 654 1841 ἐξεγένετό
672 1758 706 1823 οί
723 1769 800 1833 παῖς
814 1756 1003 1843 ἰσχόφωνος
1018 1758 1075 1826 καί

69 1850 230 1938 τραυλός,
251 1860 297 1943 τῷ
318 1851 448 1940 οὔνομα
472 1855 571 1940 ἐτέθη
587 1852 730 1939 Βάττος,
752 1850 798 1933 ὥς
812 1861 956 1941 Θηραίοί
968 1882 1005 1925 τε
1018 1859 1074 1925 καλ

70 1959 256 2039 Κυρηναῖοι
270 1955 422 2038 λέγουσι,
439 1948 483 2030 ὡς
493 1953 607 2038 μέντοι
618 1948 682 2037 ἐγά
694 1955 812 2039 δοκέω,
826 1949 907 2022 άλλο
918 1980 966 2022 τι·
983 1955 1073 2023 Βάτ-

69 2073 125 2127 τος
139 2051 175 2117 a}
191 2050 468 2136 μετουνομάσθη,
500 2051 607 2118 ἐπείτε
632 2050 665 2127 ἐς
678 2046 848 2136 Λιβύην’
828 2057 981 2137 απίκετο,
1004 2047 1072 2120 ἀπό

69 2174 104 2214 τε
118 2173 178 2214 τον
165 2154 393 2235 χρηστηρίου
407 2175 458 2216 τοι
455 2150 669 2235 γενομένου
683 2151 720 2217 ἐν
730 2158 895 2235 Δελφοῖσι
910 2148 1002 2241 αύτφ
987 2154 1072 2220 καὶ

67 2240 133 2308 ἀπό
150 2249 208 2328 τῆς
230 2251 340 2329 τιμῆς,
362 2241 424 2330 τήν
446 2249 535 2330 ἔσχε,
557 2271 619 2331 την
640 2247 835 2333 ἐπωνυμίην
854 2246 1070 2333 ποιεύμενος·

66 2344 190 2426 Λίβυες
200 2339 263 2426 γάρ
275 2345 413 2430 βασιλέα
424 2342 548 2430 βάττον
558 2348 727 2430 καλέουσι,
741 2347 797 2412 καὶ
806 2343 930 2413 τούτου
942 2348 1071 2415 εἵνεκεν

66 2439 171 2504 δοκέω
195 2445 423 2519 θεσπίζουσαν
447 2437 509 2526 τήν
529 2447 685 2529 Πυθίην
694 2446 829 2511 καλέσαι
854 2465 912 2529 ’μιν
938 2451 1071 2533 Λιβυκῇ

65 2535 257 2624 γλύσση,ε
242 2537 433 2626 είδυῖαν,
411 2566 456 2618 ως
468 2539 627 2662 βασιλεύς
640 2547 732 2611 ἐσται
746 2544 783 2610 ἐν
785 2543 921 2632 Λιβύη
963 2548 1072 2614 ἐπείτε

66 2629 130 2753 γάρ
148 2629 371 2757 ήνδρύθη
328 2662 443 2723 ουτος,
457 2631 545 2725 ήλθε
560 2641 593 2718 ἐς
602 2638 761 2726 Δελφους
773 2644 848 2729 περὶ
864 2649 922 2730 τῆς
937 2651 1068 2731 φωνῆς

63 2732 292 2811 ἐπειρωτέοντι
308 2736 396 2802 δέ
362 2762 392 2804 οι
407 2735 505 2856 χρᾴῆ
522 2745 637 2824 Πυθίη
653 2741 749 2808 τάδε’

102 2828 202 2896 Βάττ’
205 2835 280 2917 ἐπὶ
292 2859 413 2921 φωνην
423 2828 584 2922 ηλθες
560 2845 644 2919 αναξ
628 2841 696 2919 δέ
704 2860 742 2906 σε
754 2848 878 2929 Φοῖβος
888 2839 1056 2911 Ἀπόλλωι

101 2924 153 3004 Ἐς
166 2929 300 3017 Λιβύην
314 2938 435 3019 πέμπει
452 2938 670 3025 μηλοτρόφον
681 2945 864 3027 οἰκιστῆρα,

59 3023 173 3111 ὥσπερ
195 3033 226 3095 εί
245 3038 333 3097 είποι
349 3028 483 3101 Ἑλλάδι
496 3038 635 3155 γλωσση
653 3039 832 3123 χρεομένη·
856 3030 896 3105 Ὦ
916 3046 1067 3127 βασιλεύ,

58 3130 112 3192 ἐπὶ
127 3123 247 3209 φωνήν
261 3118 374 3213 ἦλθες
414 3127 505 3199 ε’οδ
522 3129 675 3221 ἀμείβετο
695 3138 836 3202 τοισίδε
863 3127 982 3221 Ὦναξ,
1002 3133 1067 3222 ἐγύ

59 3221 123 3306 μέν
138 3214 279 3308 ἦλθον
265 3251 355 3312 παρα
344 3224 411 3294 σέ
424 3229 630 3315 χρησόμενος
645 3233 775 3315 περὶ
735 3257 793 3319 της
810 3237 941 3318 φωνῆς,
965 3228 1008 3299 σύ
1029 3233 1069 3300 δέ

56 3341 114 3400 μοι
138 3314 222 3386 ἀλλα
243 3317 394 3388 ἀδύνατα
416 3332 513 3411 χρᾷς,
536 3325 686 3394 κελεύων
708 3327 842 3414 Λιβύην
864 3324 1064 3409 ἀποικίζειν·
