2340 3832
331 217 414 273 LIB.
446 219 478 273 ΙΙ.
519 218 616 274 CAP.
648 225 824 278 λεί-145»
1015 219 1073 281 191

68 371 103 441 τό
124 375 273 463 μέγαρον
294 344 438 444 ἔσω-ἐόν
464 375 548 460 μέγα
575 376 776 460 ἐξηρίθμεον
800 377 993 455 δεικνύντες
1014 403 1072 445 κο-

67 469 211 550 λοσσούς
231 476 388 552 ξυλίνους
408 472 607 557 τοσούτους,
636 468 805 562 όσουςπερ
839 471 951 542 εἰπον·
978 471 1073 561 ἀρχι-

67 567 146 652 ρεύς
165 566 231 656 γάρ
252 572 389 650 ἕκαστος
411 567 536 639 αύτόθι
557 573 687 637 ἵσταται
706 571 758 638 έπί
778 577 836 657 τῆς
853 574 981 639 ἑωυτοῦ
998 572 1072 657 ζόης

20 677 24 681 ’
66 667 180 737 εἰκόνα
195 670 338 736 ἑωυτοῦ·
360 665 580 756 ἀριθμέοντες
596 660 645 735 ἀν
658 671 714 736 καὶ
730 669 923 748 δεικνύντες
938 674 972 737 οί
986 672 1072 755 ίρέες

65 769 137 853 έμοί
151 763 398 834 ἀπεδείκνυσαν
408 770 510 835 παῖδα
523 764 649 853 πατρὸς
664 767 798 834 ἑωυτῶν
809 769 950 835 ἕκαστον
961 766 1070 853 ἐόντα,

46 854 101 931 ’ἐκ
114 870 176 931 τοῦ
191 862 329 951 ἀγχιστα
343 862 580 944 ἀποθανόντος
593 872 652 950 τῆς
674 865 804 945 εἰκόνος
819 865 998 947 διεξιόντες
1012 864 1068 932 διά

63 963 216 1046 πασέων,
239 963 272 1041 ές
286 959 306 1029 ό
320 959 483 1043 ἀπέδεξαν
497 961 628 1042 ἁπάσας
645 960 756 1044 αύτάς.
788 963 947 1057 Ἑκαταίῳ
962 964 999 1032 δὲ
1012 990 1070 1051 γε·

63 1061 306 1148 νεηλογησαντι
327 1060 455 1131 έωυτόν
475 1065 530 1131 καί
552 1060 756 1150 ἀναδήσαντι
779 1066 812 1143 ές
834 1064 1068 1131 ἑκκαιδέκατον

62 1157 149 1229 θεὸν
162 1157 489 1249 ἀντεγενεηλόγησαν
504 1164 558 1230 ἐπὶ
570 1169 611 1252 τῇ
628 1160 808 1250 ἀριθμήσι,
832 1161 873 1232 ού
894 1163 1069 1250 δεκόμενοι

58 1251 144 1344 Ιπαρ’
168 1255 273 1327 αὐτοῦ
288 1258 354 1329 ἀπό
369 1269 456 1333 θεοῦ
469 1264 630 1349 γενέσθαι
643 1261 846 1351 ἄνθρωπον·
869 1262 1069 1350 ἀντεγενεη-

62 1359 212 1444 λόγησαν
226 1361 263 1428 δέ
279 1353 354 1447 τόδε,
377 1362 524 1448 φάμενοι
538 1364 678 1432 ἕκαστον
692 1368 760 1430 τόν
775 1369 948 1431 κολοσσῶν
961 1369 1068 1450 πίρω-

63 1487 123 1547 μιν
138 1463 176 1528 ἐκ
189 1462 353 1548 πιρώμιος
370 1464 563 1549 γεγονέναι,
586 1465 620 1542 ές
640 1459 661 1530 ό
674 1460 755 1542 τούς
769 1464 867 1531 πέντε
884 1465 940 1530 καί
953 1480 1068 1530 τεσσε·

63 1560 211 1647 ράκοντα
232 1563 288 1629 καί
307 1569 519 1648 τριηκοσίους
535 1558 700 1645 ἀπέδεξαν
720 1559 904 1640 κολοσσούς
920 1567 1067 1647 πίρωμιν

63 1661 99 1726 ἐκ
114 1658 278 1744 πιρώμιος
293 1660 496 1748 γενόμενον,
526 1664 581 1730 καί
595 1659 674 1730 ούτε
687 1664 721 1740 ἐς
734 1660 821 1730 θεόν
835 1657 911 1728 ούτε
926 1663 959 1739 ές
973 1657 1067 1746 ἥρωα

62 1752 231 1840 ἀνέδησαν
252 1754 384 1837 αύτούς.
422 1767 565 1848 πίρωμις
580 1761 620 1828 δέ
631 1762 698 1828 ίστι
713 1755 787 1826 κατ’
799 1758 940 1827 Ἑλλάδα
956 1764 1067 1843 γλῶσ-

63 1876 128 1924 σαν
153 1853 254 1935 καλός
277 1855 437 1944 κάγαθός.
475 1857 562 1945 Ἤδη
587 1851 636 1927 ύν
659 1849 729 1926 τόν
753 1862 789 1925 αί
816 1857 942 1936 εἰκόνες
966 1848 1065 1942 ἦσαν,
1080 1875 1132 1930 144

61 1955 236 2034 τοιούτους
251 1952 498 2026 ἀπεδείκνυσαν
513 1976 618 2044 σφεας
630 1957 758 2034 πάντας
773 1956 900 2042 ἐόντας,
920 1961 1014 2022 θεῶν
1029 1954 1066 2021 δὲ

61 2049 189 2132 πολλόν
210 2049 496 2141 ἀπηλλαγμένους.
543 2052 581 2123 τό
598 2057 635 2123 δὲ
652 2054 818 2142 πρότερον
839 2059 907 2121 τῶν
931 2049 1074 2139 ἀνδρῶν

61 2150 191 2218 τούτων
215 2149 319 2231 θεούς
345 2151 430 2222 εἶναι
456 2152 536 2234 τούς
563 2157 600 2223 έν
622 2154 784 2245 Αἰγύπτῳ
802 2151 983 2242 ἄρχοντας,
1015 2158 1067 2220 οἰ-

60 2255 198 2328 κέοντας
212 2247 280 2336 ἀμα
294 2266 380 2320 τοῖσι
391 2249 615 2340 ἀνθρώποισι,
637 2253 836 2321 καὶτούτων
848 2254 914 2319 αίεί
931 2253 990 2318 ένα
1004 2248 1065 2318 τόν

60 2349 243 2432 κρατέοντα
267 2346 370 2418 εἰναι·
398 2348 544 2419 ύστατον
565 2352 602 2418 δὲ
622 2347 724 2436 αύτῆς
744 2357 940 2436 βασιλεῦσαι
960 2343 1064 2435 Ὧρον

60 2443 120 2511 τὸν
140 2443 280 2533 Ὀσίριος
294 2452 413 2534 παῖδα,
441 2444 503 2516 τόν
524 2446 717 2517 Ἀπόλλωνα
735 2445 891 2532 Ἕλληνες
915 2442 1065 2531 ούνομά-

61 2552 172 2626 ζουσι·
215 2555 337 2616 τοῦτον
378 2548 640 2618 καταπαύσαντα
681 2555 831 2634 Τυφῶνα
869 2551 1066 2634 βασιλεῦσαι

59 2641 205 2710 ὕστατον
219 2647 405 2730 Αἰγύπτου.
436 2645 565 2735 Ὄσιρις
578 2650 617 2715 δέ
632 2649 700 2716 ἐστι
717 2645 888 2725 Διόνυσος
899 2642 973 2713 κατ’
991 2642 1066 2712 Ἑλ·-

60 2744 145 2814 λάδα
160 2750 323 2826 γλῶσσαν.

141 2839 195 2908 Ἐν
201 2838 336 2926 Ἕλλησι
353 2846 415 2927 μέν
429 2868 496 2910 ννν
510 2843 670 2911 νεότατοι
683 2850 753 2911 τῶν
767 2849 861 2910 θεῶν
874 2846 1065 2926 νομίζονται
1080 2864 1128 2917 145

60 2937 144 3007 εἶναι
159 2936 341 3024 Ἡρακλέης
356 2963 391 3006 τε
411 2942 467 3008 καί
482 2940 654 3019 Διόνυσος
668 2941 723 3007 καί
735 2938 831 3026 Πάν,
853 2934 934 3024 παρ’
956 2941 1065 3020 Αἰγν-

59 3043 183 3104 πτίοισι
213 3036 250 3104 δὲ
275 3034 354 3105 Πάν
381 3041 444 3123 μὲν
468 3036 685 3126 ἀρχαιότατος
710 3040 765 3106 καί
788 3043 857 3105 τοῖν
880 3032 967 3103 όκτώ
996 3040 1064 3101 τῶν

59 3135 203 3222 κρότων
220 3139 411 3221 λεγομένων
425 3143 535 3221 θεῶν,
563 3135 745 3224 Ἡρακλέης
763 3160 799 3202 τε
815 3140 882 3202 τόν
898 3134 1065 3218 δευτέρων

58 3241 126 3302 τῶν
141 3233 296 3302 δυόδεκα
316 3237 507 3322 λεγομένων
523 3234 626 3323 εἰναι,
654 3235 826 3314 Διόνυσος
848 3237 884 3303 δέ
905 3242 974 3302 τῶν
992 3239 1065 3322 τρί-

58 3356 142 3415 των,
165 3337 200 3397 οἳ
215 3332 252 3398 έκ
268 3331 505 3400 τῶνδνύδεκα
521 3339 616 3401 θεῶν
630 3334 794 3420 έγένοντο.
833 3330 991 3419 Ἡρακλέϊ
1003 3331 1064 3414 μέν

62 3430 99 3512 δη
129 3426 192 3494 ὅσα
218 3424 312 3496 αύτοί
336 3428 522 3514 Αἰγύπτιοί
542 3451 627 3518 φασι
651 3429 737 3500 εἰναι
763 3435 838 3501 έτεα
869 3433 905 3509 ἐς
921 3428 1069 3513 Ἄμασιν
