2354 3840
331 195 414 250 LIB.
447 195 479 249 11.
512 195 609 252 CAP.
644 201 817 255 167-172.
1015 194 1076 255 205

74 354 168 419 διδοί
178 350 238 419 τὸν
250 350 386 437 Ἀπρίην
397 365 482 419 τοίσι
493 356 713 436 Αἰγυπτίοισι.
734 354 768 418 οί
775 353 814 418 δέ
822 378 881 437 μιν
892 350 1075 432 ἀπέπνιξαν

74 452 132 516 καί
143 455 272 518 ἔπειτεν
285 457 417 528 ἔθαψαν
429 453 465 515 ἐν
475 456 549 536 τήσι
559 454 742 535 πατρωίῃσι
757 455 889 536 ταφῇσι.
912 454 949 515 αί
961 449 1000 515 δέ
1013 455 1074 517 είσι

74 547 114 611 ἐν
128 552 174 635 τῷ
189 550 251 635 ίρῷ
267 553 324 631 τῆς
340 543 535 630 Ἀθηναίης,
557 542 726 629 ἀγχοτάτω
740 551 801 611 τοῦ
817 545 983 630 μεγάρου,
1006 547 1074 610 ἐσι-

73 641 149 708 όντι
164 640 337 730 ἀριστερῆς
356 643 471 728 χειρός.
502 647 635 720 ἐθαῦαν
657 642 826 709 δέΣαίται
848 639 975 717 πάντας
996 639 1074 718 τοῦς

74 736 116 812 ἐκ,
134 747 242 824 νομοῦ
261 740 385 807 τούτου
409 740 610 824 γενομένους
629 741 783 825 βασιλέας
804 744 868 805 ἔσω
889 742 925 804 ἐν
941 745 986 827 τῷ
1001 734 1086 827 ἱρῷ(

72 839 130 905 καὶ
153 835 217 922 γάρ
239 836 276 905 τδ
299 845 360 905 τοῦ
378 836 530 923 Ἀμάσιος
547 844 634 922 σῆμα
657 839 819 921 ἑκαστέρω
842 837 904 921 μέν
925 838 991 902 ἐστι
1012 841 1073 902 τοῦ

73 935 224 1019 μεγάρου
239 931 259 1020 ή
274 933 311 1002 τό
326 941 387 1004 τοῦ
398 933 537 1020 Ἀπρίεω
551 938 605 1002 καί
620 941 687 1000 τών
703 934 825 999 τούτου
839 932 1071 1019 προπατόρων,

74 1037 143 1098 ἐστι
159 1033 271 1116 μέντοι
287 1033 453 1099 καὶτοῦτο
475 1035 512 1099 ἐν
526 1039 566 1120 τῇ
581 1028 666 1118 αῦλῇ
682 1037 743 1097 τοῦ
760 1035 853 1116 ίροῦ,
874 1027 1000 1113 παστὰς
1020 1038 1072 1096 λι-

72 1135 154 1215 θίνη
168 1131 295 1217 μεγάλη
309 1135 364 1199 καὶ
378 1128 547 1219 ἠσκημένη
558 1131 711 1199 στύλοισί
721 1156 756 1198 τε
771 1137 924 1215 φοίνικας
937 1126 977 1195 τά
995 1129 1071 1194 δέν-

72 1230 154 1312 δρεα
166 1232 421 1314 μεμιμημένοισι
441 1232 496 1296 καί
516 1235 555 1316 τῇ
576 1226 659 1314 άλλη
677 1227 817 1314 δαπάνη.
849 1231 913 1292 ἔσω
928 1228 963 1292 δέ
981 1228 1017 1292 ἐν
1032 1232 1070 1313 τῇ

71 1325 214 1391 παστάδι
232 1324 305 1406 διξά
320 1326 505 1413 θυρώματα
527 1327 658 1409 ἕστηκε,
681 1327 718 1392 ἐν
732 1326 768 1391 δέ
788 1337 872 1391 τοῖσι
891 1323 1069 1407 θυρώμασι

70 1419 91 1507 ἡ
107 1423 198 1510 θήκη
213 1426 289 1492 ἐστί.
319 1428 393 1493 Εἰσί
410 1427 446 1492 δέ
461 1425 514 1492 καί
530 1427 566 1491 αί
578 1426 679 1508 ταφαί
693 1428 753 1490 τοῦ
769 1419 831 1488 οῦκ
843 1418 938 1487 ὅσιον
953 1425 1069 1485 ποιεῦ·
1090 1436 1140 1490 170

69 1545 130 1605 μαι
145 1522 196 1588 ἐπὶ
213 1522 353 1613 τοιούτῳ
373 1523 539 1610 πρήγματι
560 1520 770 1606 ἐξαγορεύειν
785 1515 933 1604 τούνομα
951 1522 987 1585 ἐν
1002 1517 1071 1584 Σάι·

70 1619 108 1684 ἐν
122 1624 167 1707 τῷ
182 1623 243 1708 ίρῷ
256 1625 314 1706 τῆς
328 1618 521 1707 Ἀθηναίης,
541 1617 662 1686 ὄπισθε
675 1626 736 1686 τού
751 1625 852 1704 νηοῦ,
870 1614 993 1694 παντὸς
1008 1619 1068 1683 τοῦ

68 1721 128 1801 τῆς
145 1712 324 1802 Ἀθηναίης
341 1719 492 1803 ἐχόμεναι
513 1723 635 1802 τοίχου.
665 1720 719 1784 καί
739 1719 776 1784 ἐν
790 1722 836 1806 τῷ
851 1718 979 1801 τεμένει·
993 1711 1068 1801 6452-

68 1812 122 1878 λοί
139 1813 250 1878 ἑστᾶσι
264 1815 402 1899 μεγάλοι
417 1821 553 1898 λίθινοι,
567 1819 665 1898 λίμνη
676 1813 714 1878 τέ
726 1814 794 1879 ἐστι
806 1814 942 1896 ἐχομένη
953 1817 1068 1897 λιθίνη

68 1912 204 1994 κρηπῖδι
220 1913 448 1996 κεκοσμημένη
464 1911 519 1976 καί
534 1909 716 1993 ἐργασμένη
733 1900 773 1974 εῦ
789 1907 917 1996 κύκλῳ,
940 1909 995 1973 καλ
1009 1909 1067 1992 με’-

67 2015 191 2092 γαθος,
211 2003 255 2085 ώς
275 2008 347 2092 ἐμοί
364 2007 492 2091 ἐδόκεε,
522 2005 648 2091 ὅσηπερ
663 2001 697 2089 ἡ
712 2005 749 2070 ἐν
762 2003 864 2094 Δήλῳ
885 2001 1066 2090 ἡτροχοει-

68 2100 128 2190 δής
142 2107 334 2190 καλεομένη.
376 2101 430 2171 Ἐν
451 2102 487 2170 δέ
501 2109 542 2189 τῇ
557 2108 656 2188 λίμνη
676 2101 780 2190 ταύτη
794 2099 835 2170 τά
852 2105 986 2188 δείκηλα
999 2107 1067 2167 τών
1080 2114 1126 2170 171

67 2204 207 2268 παθέων
227 2198 332 2267 αύτοῦ
356 2197 476 2277 νυκτὸς
496 2205 645 2283 ποιεῦσι,
660 2195 707 2288 ’τά
727 2201 882 2267 καλέουσι
902 2201 1066 2287 μυστήρια

66 2299 254 2383 Αἰγύπτιοι.
283 2300 359 2381 περὶ
379 2301 441 2383 μέν
457 2322 523 2363 νυν
544 2296 673 2364 τούτων
695 2297 795 2364 είδότι
812 2322 868 2380 μοι
885 2299 938 2364 ἐπί
952 2301 1064 2384 πλέον,

67 2393 111 2472 ὡς
127 2396 247 2462 ἕκαστα
264 2392 375 2461 αῦτῦν
391 2401 473 2480 ἔχει,
492 2392 636 2478 εύστομα
652 2400 785 2460 κείσθω.
809 2394 864 2460 καί
878 2401 935 2479 τῆς
947 2396 1064 2481 Δήμη-

65 2519 143 2580 τρος
165 2499 295 2579 τελετῆς
316 2495 409 2579 πέρι,
432 2491 493 2578 τήν
512 2496 545 2559 οί
555 2491 712 2576 Ἕλληνες
731 2490 945 2578 θεσμοφόρια
967 2494 1065 2559 καλέ-

65 2609 159 2675 ουσι,
182 2592 236 2657 καί
252 2588 373 2675 ταύτης
392 2615 448 2675 μοι
466 2591 539 2674 πέρι
558 2585 701 2673 εῦστομα
715 2594 857 2673 κείσθω,
880 2588 968 2676 πλήν
983 2587 1065 2656 όσον

64 2684 167 2771 αὐτῆς
190 2682 265 2771 ὁσίη
287 2688 353 2754 ἐστὶ
375 2689 493 2773 λέγειν.
516 2691 552 2754 αι’
564 2693 705 2754 Δαναοῦ
724 2689 908 2774 θυγατέρες
922 2681 1008 2775 ἦσαν
1031 2694 1068 2758 αέ

63 2783 126 2872 τήν
140 2781 275 2871 τελετήν
288 2785 414 2871 ταύτην
429 2789 461 2866 ἐξ
476 2786 651 2872 Αίγύπτου
666 2787 884 2871 ἐξαγαγοῦσαι
893 2793 952 2855 καὶ
969 2788 1064 2856 διδά-

64 2889 159 2963 ξασαι
174 2878 233 2960 τάς
246 2882 515 2968 Πελασγιώτιδας
534 2897 711 2968 γυναῖκας·
733 2882 814 2969 μετὰ
831 2886 866 2952 δὲ
884 2885 1063 2963 ἐξαναστά-

63 3000 123 3066 σης
148 2978 256 3064 πάσης
275 2979 539 3066 Πελοποννήσου
563 2978 629 3046 ῦπδ
653 2983 814 3059 Δωριέων
838 2979 1019 3058 ἐξαπώλετο
1040 2981 1061 3069 ή

61 3073 192 3163 τελετή,
216 3080 250 3143 οί
274 3078 310 3143 δέ
335 3074 598 3164 ὑπολειφθέντες
619 3083 901 3161 Πελοποννησίων
924 3081 977 3147 καί
1000 3077 1061 3149 οῦκ

61 3171 300 3254 ἐξαναστάντες
311 3171 467 3258 Ἀρκάδες
485 3180 640 3256 διέσωζον
658 3171 764 3261 αύτήυ
778 3181 907 3260 μοῦνοι.

142 3267 282 3356 Ἀπρίεω
297 3271 332 3337 δέ
355 3263 418 3338 ώδε
436 3274 724 3359 καταραιρημένου
742 3274 932 3358 ἐβασίλευσε
945 3273 1062 3358 ’Ἀμα-
1078 3293 1129 3348 172

61 3387 142 3454 σις,
165 3375 274 3453 νομοῦ
288 3373 350 3454 μὲν
364 3378 494 3438 Σαΐτεω
512 3369 594 3457 ἐών,
617 3374 652 3438 ἐκ
667 3379 724 3456 τῆς
739 3373 774 3439 δὲ
790 3365 835 3458 ήν
848 3374 978 3458 πόλιος,
1000 3368 1060 3438 οῦ-
