2354 3840
334 118 420 174 ΗΒ.
453 118 498 178 ΠΙ.
532 119 632 179 ΟΑΡ.
664 126 807 181 80-83.
1015 112 1078 181 257

63 258 207 347 γνόμην
214 262 363 346 ἐσέφερε,
370 267 480 347 τρίτος
491 260 527 327 δέ
533 268 678 345 Δαρεῖος
693 259 912 331 ἀπεδείκνυτο
924 263 1077 354 γνύμην,

63 360 192 443 λέγων·
225 356 314 444 Ἐμοὶ
329 359 365 425 δὲ
384 358 425 425 τά
441 356 503 443 μὲν
524 354 595 424 εἶπε
610 360 810 445 Μεγάβυζος
833 362 866 438 ἐς
885 359 923 427 τό
945 369 1075 448 πλῆθος
1091 387 1127 442 52

64 460 184 541 ἔχοντα
210 457 318 522 δοκέει
342 451 456 539 ὀρθῶς
473 457 581 540 λέξαι,
609 453 650 522 τά
676 453 708 521 δ’
735 458 768 535 ἐς
793 453 988 544 ὀλιγαρχίην
1012 455 1075 524 οὐκ

34 590 38 594 ·
65 551 189 641 ὀρθῶς.
221 560 325 638 τριῶν
338 553 404 639 γάρ
420 555 667 640 προκειμένων,
685 557 739 621 καὶ
754 553 891 626 πάντων
908 561 976 622 τῶν
990 555 1076 640 λέγω

66 649 213 736 ἀρίστων
235 651 378 735 ἐόντων,
401 655 511 738 δήμου
528 675 564 719 τε
583 649 722 737 ἀρίστου
736 655 792 719 καί
815 650 1006 739 ὀλιγαρχίης
1020 655 1076 720 καὶ

65 749 280 836 μουνάρχου,
307 754 419 837 πολλῷ
437 754 535 815 τούτο
557 751 712 835 προέχειν
726 750 821 834 λέγω.
860 748 984 834 ἀνδρὸς
1009 747 1074 836 γάρ

67 847 143 928 ε’νός
156 855 219 915 τοῦ
233 845 372 931 ἀρίστου
388 844 489 915 ούδὲν
504 845 644 933 ἀμειυον
660 843 705 914 ἀν
718 856 855 935 φανείη·
880 850 997 939 γνύμη
1008 849 1073 937 γάρ

64 945 203 1034 τοιαύτη
217 945 397 1032 χρεόμενος
413 945 625 1028 ἐπιτροπεύοι
649 940 694 1011 ἀν
714 942 899 1032 ἀμωμήτως
913 955 974 1014 τοῦ
988 949 1075 1034 πλή-

64 1057 162 1130 θεος,
181 1046 302 1136 σιγῷτό
323 1071 359 1112 τε
380 1040 424 1112 ἀν
444 1045 657 1132 βουλεύματα
676 1046 728 1111 ἐπὶ
750 1047 932 1130 δυσμενέας
948 1045 1074 1131 ἀνδρας

65 1142 155 1211 οὕτω
179 1142 330 1230 μάλιστα.
365 1146 402 1211 ἐν
419 1142 454 1210 δὲ
480 1140 651 1229 ὀλιγαρχίη
677 1149 829 1209 πολλοῖσι
849 1140 971 1230 ἀρετὴν
992 1150 1073 1211 ἐπα-

66 1244 204 1310 σκέουσι
226 1244 259 1320 ἐς
275 1238 313 1309 τό
337 1238 457 1309 κοινόν
477 1247 577 1326 ἐχθεα
596 1244 664 1307 ίδια
679 1237 798 1323 ίσχνρά
814 1242 920 1324 φιλέει
945 1243 1073 1327 ἐγγίνε-

65 1348 163 1406 σθαι·
189 1336 291 1417 αύτός
316 1337 381 1425 γάρ
403 1342 540 1414 ἕκαστος
554 1338 761 1424 βουλόμενος
781 1353 967 1424 κορυφαῖος
988 1338 1072 1409 εἶναι

63 1434 221 1523 γνύμησί
232 1461 268 1502 τε
282 1442 382 1504 νικᾶν
398 1439 431 1515 ἐς
446 1442 546 1521 ἔχθεα
561 1434 689 1520 μεγάλα
703 1431 876 1522 ἀλλήλοισι
892 1436 1072 1506 ἀπικνέον·

63 1533 387 1618 ται,ἐκτιόνστα’σιες
402 1537 602 1621 ἐγγίνονται,
619 1537 655 1601 ἐκ
671 1535 784 1601 δέτων
795 1544 941 1605 στασίων
953 1538 1069 1622 φόνος,

44 1633 101 1700 ·ε’κ
129 1631 167 1697 δὲ
192 1637 253 1698 τού
282 1632 393 1718 φόνου
414 1629 521 1718 ἀπέβη
545 1635 578 1710 ἐς
593 1639 820 1719 μουναρχίην,
835 1639 891 1702 καὶ
905 1638 941 1702 ἐν
964 1634 1070 1724 τούτῳ

63 1730 191 1809 διέδεξε
205 1727 273 1819 ὅσω
292 1733 359 1799 ἐστὶ
373 1739 473 1798 τοῦτο
489 1729 636 1817 ἀριστον.
673 1731 784 1818 δήμου
800 1759 836 1801 τε
852 1728 896 1800 αύ
912 1733 1071 1819 ἀρχοντος

64 1824 218 1895 ἀδύνατα
234 1827 279 1914 μὴ
295 1827 336 1896 ού
350 1830 515 1916 κακότητα
532 1831 742 1915 ἐγγίνεσθαι·
758 1831 938 1916 κακότητος
953 1839 1070 1900 τοίνυν

62 1928 281 2012 ἐγγινομένης
297 1928 330 2004 ἐς
345 1925 384 1993 τά
401 1925 499 1995 κοινά
522 1931 623 2012 ἔχθεα
640 1927 702 2012 μὲν
720 1923 783 1994 ούκ
805 1929 968 2013 ἐγγίνεται
985 1941 1070 1995 τοῖσι

64 2039 215 2108 κακοῖσι,
234 2033 342 2111 φιλίαι
356 2030 393 2094 δὲ
407 2033 554 2114 ίσχυραί·
586 2032 621 2095 ολ
633 2024 697 2112 γάρ
719 2033 901 2104 κακοῦντες
916 2023 955 2093 τά
971 2025 1068 2094 κοινά

65 2124 300 2211 συγκόψαντες
314 2132 460 2195 ποιεῦσι.
486 2131 586 2192 τοῦτο
602 2124 638 2191 δέ
653 2131 784 2191 τοιοῦτο
800 2130 926 2209 γίνεται
941 2127 974 2202 ές
990 2121 1009 2191 ὀ
1025 2119 1069 2190 ἀν

64 2223 212 2308 προστάς
237 2249 285 2302 τις
309 2231 370 2291 τοῦ
396 2224 505 2309 δήμου
530 2220 610 2300 τούς
630 2223 806 2298 τοιούτους
821 2221 951 2308 παύση·
975 2223 1011 2288 έκ
1033 2220 1069 2288 δὲ

65 2317 181 2388 αὐτῶν
208 2317 393 2405 θωμάζεται
423 2313 522 2398 οὗτος
536 2317 576 2405 δὴ
593 2317 660 2385 ὑπό
675 2326 737 2386 τοῦ
751 2319 877 2404 δήμου,
911 2318 1068 2404 θωμαζό-

62 2443 164 2505 μενος
181 2419 219 2486 δὲ
238 2415 293 2486 ἀν’
318 2411 366 2485 όν
382 2419 491 2504 ἐφάνη
506 2417 696 2504 μούναρχος
714 2418 795 2486 ἐόν·
825 2420 881 2485 καὶ
906 2421 943 2485 ἐν
959 2418 1067 2508 τούτῳ

61 2522 162 2603 δηλοῖ
173 2519 229 2584 καὶ
243 2510 359 2603 οὗτος,
377 2514 421 2596 ὦς
435 2515 456 2604 ἡ
471 2525 657 2605 μουναρχίη
673 2518 860 2605 κράτιστον.
885 2521 934 2588 ἑνί
949 2521 985 2588 δὲ
997 2525 1071 2587 ἐπει·

60 2614 173 2682 κιόντα
189 2614 401 2702 συλλαβόντα
418 2621 538 2702 εἰπεῖν,
553 2615 660 2684 κόθεν
676 2613 787 2705 ἡμῐνη
804 2621 979 2704 ἐλευθερίη
995 2618 1068 2703 ε’γέ-

61 2739 156 2800 νετο,
172 2717 227 2782 καὶ
241 2721 300 2782 τεῦ
316 2713 451 2795 δόντος;
470 2715 592 2800 κότερα
609 2714 700 2800 παρὰ
716 2719 825 2804 δήμου
839 2713 861 2803 ἦ
877 2714 1068 2802 ὀλιγαρχίης

57 2807 83 2900 ἢ
98 2810 311 2898 μουνάρχου;
329 2819 391 2899 ἔχω
406 2819 524 2879 τοίνυν
540 2815 680 2900 γνιόμην
693 2812 796 2900 ἡμέας
811 2812 1065 2896 ἐλευθερωθέν-

57 2936 119 2988 τας
135 2907 190 2975 διά
210 2911 271 2976 ἕνα
292 2907 401 2994 ἀνδρα
417 2907 453 2977 τό
484 2916 616 2980 τοιοῦτο
638 2914 880 2998 περιστέλλειν,
907 2915 1006 2995 χωρίς
1030 2932 1066 2975 τε

56 3007 183 3077 τούτου
197 3013 359 3093 πατρίους
375 3007 503 3094 νόμους
517 3006 562 3095 μὴ
585 3010 681 3078 λύειν
696 3013 831 3095 ἔχοντας
853 2999 892 3073 εύ
902 3031 909 3044 ·
937 3001 979 3071 οὐ
999 3001 1064 3092 γάρ

56 3104 209 3194 ἄμεινον.

142 3209 282 3291 Ρνόμαι
299 3204 361 3289 μὲν
383 3200 423 3289 δὴ
439 3217 527 3290 τρεῖς
541 3195 639 3271 αὗται
655 3203 853 3290 προεκέατο,
875 3205 909 3270 οί
931 3202 968 3271 δὲ
988 3203 1065 3271 τέσ-
1078 3213 1113 3269 83

55 3322 153 3384 σερες
168 3307 237 3368 τῶν
258 3298 338 3369 ἑπτά
356 3298 491 3388 ἀνδρῶν
506 3303 715 3388 προσέθεντο
735 3300 856 3389 ταύτη.
886 3296 931 3378 ὡς
952 3303 988 3367 δὲ
1009 3303 1065 3383 ἑσ-

136 3411 233 3446 ιιειιου.
251 3397 269 3447 ί.
348 3405 350 3408 ’
904 3397 943 3451 Ἦ
