2354 3840
332 201 418 256 ιιΒ
447 202 493 257 1v.
523 203 622 260 ιιι.
655 211 741 267 ει-
753 216 797 270 65
1008 212 1070 277 ιιι

10 424 12 431 1
61 375 198 522 σοντὲιι·
233 357 303 443 χεὶρ
337 357 374 424 δὲ
403 365 443 445 τῇ
472 354 516 425 ἀν
551 364 636 449 πίση
670 366 796 455 κέεται,
832 375 886 439 καί
918 371 1060 460 χωρίς*
1045 402 1064 443 ο

61 478 192 538 νεκρς.

147 557 268 621 Θνσίαι
302 557 363 639 μέν
387 580 453 621 νῦν
485 548 585 625 αῦταί
614 576 675 643 σφι
714 565 904 656 κατεστᾶσι,
943 562 997 634 ῦσὶ
1030 569 1121 636 δὲθδ

62 643 159 719 οῦτοι
171 647 272 719 ούδέν
286 657 382 738 νομίζ
381 671 474 738 ονσι,
490 650 570 720 οῦδὲ
585 658 722 741 τρέφειν
737 661 775 725 ἐν
787 667 827 748 τῇ
838 659 929 782 χάρη
945 661 983 730 τό
1000 689 1067 730 πα·

62 749 176 836 ράπαν
195 751 359 818 ἐθέλουσι.
387 748 434 816 Τά
453 749 484 818 δ’
500 753 533 828 ἐς
547 752 695 838 πόλεμον
706 759 822 839 έχοντα
838 750 905 826 ὧδέ
915 778 977 846 σφι
992 765 1067 829 δια·
1086 778 1120 832 64

61 851 189 916 κέεται
210 845 364 915 ἐπεάν
329 874 391 916 τον
401 855 536 933 πρῶτον
558 847 668 937 ἀνδρα
682 852 887 942 καταβάλη’
868 854 955 943 ανὴρ
969 859 1065 926 Σκύ-

61 955 145 1033 θης,
176 953 238 1013 τοῦ
260 949 397 1033 αἵματος
424 948 570 1064 ἐμπίνει
602 945 807 1027 όσουςδἋ
785 977 829 1018 αν
849 955 1002 1043 φονεύσῃ
1028 958 1066 1022 ἐν

63 1050 103 1132 τῇ
125 1043 229 1133 μάχη,
255 1044 386 1112 τούτων
412 1040 471 1122 τάς
493 1041 642 1129 κεφαλάς
662 1042 823 1134 ἀποφέρει
849 1057 895 1139 τῷ
921 1052 1066 1137 βασιλέϊ·

64 1137 241 1220 ἀπενείκας
265 1139 385 1228 μὲν
345 1167 410 1228 χαρ
431 1140 584 1228 κεφαλὴν
609 1150 666 1230 τῆς
691 1151 784 1231 ληίης
809 1149 1024 1234 μεταλαμβαι
1027 1175 1066 1236 ει,

63 1235 126 1324 τὴν
146 1232 190 1305 ἀν
211 1237 356 1325 λάβωσι,
381 1265 425 1325 μη
414 1237 569 1318 ἐνείκας
589 1239 683 1307 δέ”
641 1266 690 1307 ον.
723 1238 892 1362 ἀποδείρει
907 1243 1002 1311 δὲ’
960 1242 1068 1329 αυτὴν

63 1335 176 1427 τρόπφ
200 1341 334 1428 τοιῷδε
356 1334 549 1423 περιταμὼν
562 1338 677 1429 κύκλφ
691 1341 766 1425 περὶ
785 1336 826 1406 τά
844 1330 912 1406 τότα
929 1342 984 1408 καί
1004 1349 1066 1408 λα-

63 1433 206 1522 βόμενος
225 1443 283 1523 τῆς
301 1442 449 1521 κεφαλῆς
474 1437 608 1521 ἐκσείει,
641 1433 722 1522 μετά
746 1436 781 1503 δὲ
805 1443 965 1523 σαρκίσας
986 1434 1068 1524 βοός

46 1539 191 1633 »πλευρῇ
205 1533 298 1612 δέρει
308 1540 382 1619 τῇσι
392 1535 500 1619 χερσί,
516 1531 661 1619 ὀργάσας
675 1530 763 1599 δὲ’
722 1531 803 1600 αντό
816 1532 874 1602 ἀτε
887 1535 1067 1623 χειρόμακ-

61 1602 315 1716 τρονκέκτηται,
327 1632 362 1697 ἐκ
377 1630 414 1697 δε
426 1637 495 1697 τῶν
509 1636 657 1716 χαλινῶν
670 1636 731 1698 τοῦ
745 1634 868 1718 ἵππον,
889 1631 950 1701 τόν
966 1628 1067 1709 αὐτὸς

62 1725 214 1814 ἐλαύνει,
240 1730 276 1797 ἐκ
297 1727 421 1795 τοῦτον
441 1727 572 1807 ἐξάπτει
589 1729 644 1796 καί
661 1726 855 1815 ἀγάλλεται·
886 1728 922 1809 ὃς
940 1728 1005 1816 χάρ
1022 1724 1067 1796 ἀν

61 1835 199 1895 πλείστα
216 1828 361 1914 δέρματα
384 1828 607 1912 χειρόμακτρα
623 1823 735 1914 ἐχη,’
716 1825 803 1912 ανὴρ
819 1827 952 1914 ἀριστος
967 1819 1066 1904 οῦτος

61 1927 219 2011 κε’κριται.
257 1925 374 1992 πολλοὶ
396 1924 432 1989 δὲ
457 1920 570 1990 αὐτῶν
596 1925 633 1990 ἐκ
652 1930 720 1990 τῶν
739 1921 982 2011 ἀποδερμάτων
1010 1924 1066 1990 καὶ

61 2025 198 2108 χλαίνας
223 2022 420 2088 ἐπείνυσθαι
446 2026 596 2105 ποιεῦσι,
627 2020 875 2107 συρράπτοντες
915 2019 1065 2104 κατάπερ

61 2126 193 2207 βαίτας·
226 2122 342 2186 πολλοὶ
368 2119 406 2184 δὲ
425 2115 562 2204 ἀνδρῶν
584 2120 717 2204 ἐχθρῶν
740 2115 799 2197 τάς
823 2116 931 2199 δεξιάς
954 2133 1066 2205 χεῖρας

60 2221 195 2299 νεκρῶν
209 2216 335 2283 ἐόντων
360 2213 597 2302 ἀποδείραντες
616 2214 745 2284 αύτοίσι
761 2213 856 2296 όννξι
872 2217 1066 2305 καλύπτρας

60 2320 132 2382 τῶν
160 2314 353 2400 φαρετρέων
378 2319 569 2379 ποιεῦνται·
607 2317 711 2399 δέρμα
740 2313 776 2379 δὲ
799 2311 987 2400 ἀνθρώπου
1008 2313 1064 2380 καί

58 2410 150 2500 παχῦ
168 2415 222 2480 καί
241 2410 398 2498 λαμπρόν
417 2403 463 2496 ἦν
484 2409 564 2496 ἀρα,
601 2408 721 2496 σχεδόν
737 2411 911 2496 δερμάτων
925 2411 1064 2477 πάντων

62 2512 298 2598 λαμπρότατον
321 2510 505 2595 λευκότητι.
542 2512 659 2577 πολλοὶ
684 2511 720 2576 δὲ
746 2510 801 2577 καί
818 2507 919 2588 όλοας
939 2509 1065 2596 ἀνδρας

60 2615 268 2698 ἐκδείραντες
288 2615 344 2679 καὶ
359 2616 583 2688 διατείναντες
603 2611 655 2676 ἐπὶ
673 2607 784 2688 ξύλων
800 2607 853 2676 ἐπ’
876 2612 989 2677 ἵππων
1003 2636 1065 2678 πε-

61 2713 250 2798 ριφέρουσι.
280 2715 384 2776 ταῦτα
402 2710 464 2794 μὲν
479 2704 519 2793 δὴ
543 2703 631 2773 οὕτω
643 2725 703 2790 σφι
724 2705 933 2793 νενόμισται,
961 2702 1064 2786 αύτάς
1080 2722 1116 2778 66

60 2807 97 2874 δὲ
125 2802 186 2884 τάς
208 2802 372 2892 κεφαλάς,
402 2805 475 2873 ούτι
501 2805 655 2894 πάντων,
684 2800 768 2872 ἀλλά
799 2811 867 2871 τῶν
884 2807 1065 2889 ἐχθίστων,

59 2917 190 2983 ποιεῦσι
211 2919 306 2979 τάδε·
332 2917 519 2998 ἀποπρίσας
544 2914 613 2976 πάν
636 2909 674 2977 τό
699 2915 818 2998 ἔνερθε
835 2914 905 2977 τῶν
929 2906 1071 2996 ὀφρύων

59 3013 273 3096 ἐκκαθαίρει·
315 3011 372 3079 καὶ
411 3007 455 3097 ἢν
495 3009 557 3097 μὲν
592 3002 615 3096 ᾖ
649 3010 768 3095 πίνης,
811 3006 829 3077 ὁ
871 3007 909 3076 δέ
945 3009 1072 3088 ἐξωθεν

59 3106 234 3199 ὠμοβοέην
259 3109 392 3195 μούνην
416 3112 604 3192 περιτείνας
632 3102 723 3172 ούτω
750 3111 884 3192 χρᾶται,
919 3101 964 3191 ἢν
986 3099 1064 3194 δέᾖ

58 3206 231 3290 πλούσιος,
241 3203 304 3292 τὴν
314 3207 377 3293 μὲν
390 3204 563 3293 ὠμοβοέην
573 3209 761 3290 περιτείνει,
773 3207 903 3291 ἔσωθεν
918 3205 953 3270 δὲ
969 3227 1066 3290 περι·

58 3303 235 3393 χρυσῶσας
260 3302 350 3372 ούτω
369 3312 488 3393 χρᾶται
504 3308 659 3392 ποτηρίφ.
693 3307 826 3382 ποιεῦσι
840 3302 877 3367 δὲ
891 3307 991 3368 τοῦτο
1007 3301 1063 3370 καί

58 3405 96 3471 ἐκ
110 3408 179 3468 τῶν
193 3406 347 3548 οίκιχίων,
367 3400 403 3488 ἦε
427 3422 488 3487 σφι
503 3402 661 3488 διάφοροι
683 3400 847 3486 χένωντκι
862 3393 976 3542 καλἋιῖν
990 3399 1066 3466 ἐπα-
1090 3448 1120 3567 1

138 3509 236 3547 HEROD.
