2354 3840
258 207 342 262 ΗΒ.
374 207 395 262 Ι.
429 204 529 262 ΟΑΡ.
562 206 738 261 Μῦν-134.
979 193 1019 256 7³

30 373 110 448 ε’νος
123 364 186 435 τὸν
198 365 321 453 τιήρην
335 369 483 451 μυρσίνη
498 361 651 448 μάλιστα.
694 363 806 452 ἑωυτῷ
828 359 890 445 μὰν
911 355 956 479 δή
973 363 1019 450 τῷ

30 465 136 535 ύοντι
156 467 225 553 ἰδίη
246 461 364 553 μούνῳ
386 459 430 528 ού
451 486 469 528 ο
470 463 669 581 ίέγγίνεται
682 456 831 548 ἀρᾶσθαι
845 455 978 544 άγαθὰ,
999 453 1018 526 6

30 563 45 630 6
65 568 152 629 πᾶσι
172 574 259 628 τοσσι
278 561 429 678 Πέρσησι
453 558 645 643 κατεύχεται
666 549 706 625 εὖ
727 564 884 643 γίνεσθαι
904 559 1020 647 καὶτῷ

30 658 158 727 ασιλέι·
197 659 235 724 έν
254 653 321 743 γάρ
343 652 384 743 δή
399 668 485 724 τοίσι
500 653 604 723 άπασι
616 657 766 774 Πέρσησι
781 657 837 723 καλ
851 680 952 734 αυτος
966 661 1020 739 γ

30 780 113 824 εται.
162 751 265 822 ἐπεάν
294 757 332 822 δὲ
358 753 575 840 διαμιστύλας
607 750 690 821 κατά
714 757 816 839 μέρεα
843 751 881 822 τὸ
908 752 1019 841 ίρήιον

30 851 119 940 φήση
140 849 181 920 τὰ
198 855 297 940 κρέα,
322 849 500 930 ὑποπάσας
515 858 616 937 ποίην
630 849 675 930 ὡς
690 848 927 939 ἁπαλωτάτην,
952 850 1019 937 μά-

31 968 108 1018 ιστα
129 951 167 1017 66
186 946 223 1017 τὰ
244 954 448 1036 τρίφυλλον,
469 950 523 1016 ἐπὶ
535 947 658 1034 ταύτης
673 955 776 1035 ἔθηκε
791 941 840 1018 άν
853 948 963 1017 πάντα
977 946 1017 1017 τά

31 1047 102 1132 ρέα.
141 1047 319 1126 διαθέντος
339 1047 376 1116 δέ
390 1045 497 1114 αὐτοῦ
512 1045 618 1132 μάγος
633 1044 719 1134 άνήρ
734 1045 923 1133 παρεστεὼς
938 1050 1019 1114 έπα-

30 1147 93 1212 ίδει
108 1152 309 1230 θεογονίην,
326 1147 401 1231 οἵην
416 1140 594 1230 δήέκεῖνοι
608 1147 744 1229 λέγουσι
760 1144 844 1213 εἶναι
861 1142 923 1233 τήν
937 1147 1020 1212 ἑπα-

30 1239 126 1330 ιδήν·
167 1239 252 1311 ἁυευ
272 1240 338 1329 γὰρ
359 1240 400 1328 δή
421 1242 533 1328 μάγου
549 1240 591 1309 ού
611 1261 673 1327 σφι
691 1241 796 1329 νόμος
813 1246 880 1312 ἐστὶ
896 1247 1020 1319 θυσίας

30 1344 200 1411 ιοιέεσθαι.
247 1341 392 1428 έπισχώυ
417 1343 454 1410 66
480 1339 596 1427 ὀλίγον
619 1341 744 1428 χρόνον
768 1339 972 1431 ἀποφέρεται
999 1338 1018 1409 6

30 1437 123 1517 *6669
146 1435 188 1506 τά
213 1441 312 1526 κρέα,
341 1443 395 1508 καὶ
419 1446 538 1527 χρᾶται
563 1437 584 1507 6'
604 1465 636 1506 τι
660 1465 720 1524 μιν
743 1437 762 1510 ὁ
785 1439 885 1528 λόγος
904 1443 1017 1526 αίρέει.

30 1537 157 1622 Ἱμέρην
179 1533 216 1603 δὲ
238 1535 396 1604 ἁπασέων
415 1536 558 1622 μάλιστα
575 1537 707 1622 ἐκείνην
721 1547 822 1626 τιμᾶν
835 1544 1018 1626 νομίζουσι,
1040 1545 1087 1602 1³³

30 1637 50 1719 6
64 1632 203 1710 ἕκαστος
217 1635 357 1717 ἐγένετο.
388 1634 426 1700 έν
440 1631 544 1721 ταύτῃ
559 1636 595 1701 δὲ
608 1637 698 1702 πλέω
713 1640 808 1704 δαῖτα
823 1644 892 1704 τῶν
904 1635 1018 1706 άλλων

30 1734 182 1797 Γικαιεῦσι
213 1736 456 1817 προτίθεσθαι·
504 1732 541 1799 έν
564 1739 604 1820 τή
628 1737 662 1800 oc
687 1732 882 1820 εὐδαίμονες
905 1733 1018 1802 αὐτῶν

30 1829 100 1892 ῐοῦν
132 1825 230 1892 καλ“
216 1850 320 1893 ιππον
350 1829 406 1895 καὶ
430 1827 582 1914 κάμηλον
607 1827 711 1896 now
690 1855 773 1898 ονον
800 1834 1018 1920 προτιθέαται

30 1919 115 2000 λονς
141 1918 265 2001 ὀπτούς
289 1925 327 1994 έν
351 1932 602 2014 καμίνοισι,ολ
568 1927 675 1996 0666
683 1933 822 2016 πένητες
844 1930 956 2000 αὐτων
976 1928 1017 1998 τὰ

32 2018 116 2089 επτὰ
138 2029 208 2089 τῶν
222 2025 403 2111 προβάτων
417 2031 645 2114 προτιθέαται.
687 2038 807 2100 σίτοισι
823 2034 860 2102 66
876 2031 1018 2119 ὀλίγοισι

31 2122 184 2208 ρέονται,
206 2123 432 2210 ἐπιφορήμασι
452 2127 489 2192 66
510 2135 662 2194 πολλοῖσι
676 2127 785 2196 ταδ’
746 2154 808 2198 ουκ
824 2128 933 2199 ἁλέσι·
965 2131 1020 2196 καὶ

30 2216 68 2287 66
83 2215 188 2286 τοῦτό
203 2239 287 2305 φασι
299 2223 428 2308 Πέρσαι
448 2220 528 2301 τούς
544 2221 706 2310 Ἕλληνας
720 2232 932 2313 σιτεομένους
946 2250 1020 2293 πει-

30 2319 150 2400 ’έοντας
165 2317 353 2407 παύεσθαι,
377 2318 429 2389 ὅτι
451 2340 512 2408 σφι
531 2318 598 2388 άπὸ
620 2326 759 2391 δείπνου
773 2326 1019 2411 παραφορέεται

31 2414 117 2486 ύδὲυ
130 2415 237 2503 λόγου
253 2415 364 2506 άξιον,
382 2424 412 2486 εί
424 2422 464 2487 δέ
473 2445 505 2486 τι
520 2421 764 2507 παραφέροιτο,
786 2424 961 2498 ἐσθίοντας
976 2415 1019 2485 άν

33 2512 55 2582 6
71 2512 252 2583 παύεσθαι.
290 2525 371 2606 οίνρι
387 2519 423 2584 66
438 2515 544 2600 κάρτα
560 2519 777 2603 προσκέαται,
800 2522 859 2584 καί
875 2536 936 2601 σφι
956 2513 1019 2583 οὐκ

30 2613 130 2700 μέσαι
151 2617 272 2700 ἔξεστι,
299 2612 374 2682 ούκλ
396 2611 537 2701 οὐρῆσαι
557 2610 674 2681 άντίου
688 2611 801 2682 άλλου.
840 2620 944 2682 ταῦτα
959 2616 1020 2700 μέν

30 2736 81 2777 ιον
104 2708 194 2776 οὕτω
215 2708 439 2796 φυλάσσεται,
465 2709 715 2795 μεθυσκόμενοι
737 2715 773 2778 66
794 2708 921 2780 ἐάθασι
936 2719 1020 2797 βον-

30 2807 178 2877 εύεσθαι
199 2805 240 2874 τά
256 2809 521 2874 σπουδαιέστατα
535 2814 603 2874 τῶν
617 2808 839 2925 πρηγμάτων·
876 2804 913 2874 τό
929 2804 960 2873 δ’
978 2802 1021 2872 άν

30 2906 81 2994 ἴδη
109 2924 171 2991 σφι
195 2905 487 3027 χλονλενομένοισι,
513 2910 613 2972 τοῦτο
637 2911 677 2990 τῇ
697 2901 855 2991 ὑστεραίῃ
874 2901 1023 2989 νήφουσι

30 3002 210 3097 ιροτιθείὸ
232 3009 427 3126 στέγαρχος,
454 3009 491 3074 έν
512 3013 572 3073 τοῦ
593 3001 636 3073 66
651 3004 762 3084 έόντες
782 3003 1021 3091 βουλεύωνται.

30 3098 113 3175 ιαλ
36 3131 136 3192 αην
150 3105 212 3185 μεν
226 3102 292 3194 άδη
306 3100 362 3172 καὶ
378 3102 546 3224 νήφουσι,
563 3105 718 3190 χρέονται
732 3100 840 3192 αὐτῷ,
862 3097 905 3187 ήν
928 3095 1022 3186 δὲμὴ

30 3204 98 3295 ἕδη,
120 3217 268 3290 μετιεῖσι.
314 3200 410 3271 τάδ’
435 3198 480 3269 άν
503 3202 670 3289 νήφοντες
693 3199 1023 3286 προβουλεύσωνται,

30 3303 267 3388 ιεθυσιιόμενοι
281 3299 608 3387 ἐπιδιαγινώσκουσι.

96 3399 382 3487 Εντνγχανοντας
396 3396 428 3467 δ
450 3396 623 3486 ἀλλήλοισι
644 3399 681 3464 έν
697 3403 772 3484 τῇσι
789 3388 914 3479 ὁδοῖσι,
941 3399 1025 3484 τῷδε
1040 3407 1092 3463 1³1
