2354 3840
128 189 188 251 198
514 195 770 252 HERODOTI

43 353 46 360 '
125 361 213 437 μεθα
234 347 404 437 ἀτρεκέως.
437 358 563 439 πρῶτοι
587 349 653 438 γάρ
678 344 772 421 οὗτοι
797 356 834 421 έν
848 357 1018 446 Αίγόπτφ·
1032 354 1134 426 άλλό-

126 459 272 536 γλωσσοι
287 454 559 536 κατοικίσθησαν.
581 453 617 516 έκ
629 454 699 517 τόν
710 453 748 518 δὲ
762 452 984 539 ἐξανέστησαν
1003 451 1133 540 χόριον,

127 552 164 616 έν
179 546 326 613 τοότοισι
344 544 384 633 δη
400 551 435 615 οἵ
447 574 482 615 τε
498 542 591 615 ὁλκοὶ
605 554 673 614 τῶν
692 555 781 616 νεῶν
796 552 853 617 καί
865 549 906 617 τὰ
923 553 1055 636 ἐρείπια
1066 558 1133 618 τῶν

127 645 318 731 οἰκημάτων
341 644 378 714 τό
405 650 499 734 μέχρι
523 647 603 732 ἐμεῦ
625 637 722 732 ἦσαν.
760 647 982 736 Ψαμμήτιχος
992 651 1055 735 μέν
1068 675 1132 715 νυν

127 743 216 812 οὕτω
234 750 308 829 έσχε
321 743 385 831 τὴν
398 754 581 831 Αίγυπτον.

16 928 22 937 x
60 861 109 915 155
213 851 282 910 Τοῦ
297 846 333 911 δὲ
347 851 548 932 χρηστηρίου
562 849 624 910 τοῦ
638 846 676 910 έν
689 845 851 935 Αἰγόπτφ
866 843 977 913 πολλοὶ
990 844 1133 932 έπεμυη-

127 953 217 1028 σθην
239 938 320 1028 ἤδη,
343 945 398 1009 καὶ
422 939 462 1028 δὴ
485 941 588 1027 λόγον
603 945 678 1025 περὶ
701 938 807 1028 αὐτοῦ
832 940 876 1022 ὡς
900 940 996 1023 ἀξίου
1021 942 1134 1019 ἐόντος

126 1043 308 1131 ποιήσομαι
316 1068 333 1119 ·,
345 1039 382 1108 τό
397 1040 463 1128 γὰρ
474 1043 677 1130 χρηστήριον
686 1049 785 1110 τοῦτο
797 1039 834 1110 τό
847 1045 884 1110 έν
894 1041 1056 1135 Αίγόπτφ
1068 1045 1135 1112 ἐστὶ

126 1145 189 1229 μὲν
211 1148 343 1227 Λητοῦς
363 1139 455 1228 ἱρὸν,
482 1143 519 1208 ἐν
540 1141 620 1208 πόλι
642 1143 678 1209 δέ
698 1140 826 1227 μεγάλη
847 1143 1030 1226 ἱδρυμένον
1051 1137 1133 1208 κατὰ

125 1240 162 1310 τό
178 1237 430 1328 Σεβεννυτικόν
449 1239 656 1325 καλεόμενον
676 1239 782 1325 στόμα
805 1245 867 1305 τοῦ
881 1245 1026 1324 Νείλου,
1050 1235 1131 1304 άναν

125 1339 272 1409 πλόοντι
287 1335 353 1404 ἀπὸ
370 1337 545 1423 θαλάσσης
560 1336 640 1405 άνω.
668 1335 799 1423 οὔνομα
814 1339 851 1403 δὲ
869 1343 910 1424 τῇ
924 1336 1004 1404 πόλι
1018 1336 1132 1426 ταύτῃ,

125 1436 210 1504 όκου
224 1433 261 1501 τό
277 1433 480 1521 χρηστήριον
508 1440 577 1502 ἔστι
595 1432 731 1520 Βουτώ,
754 1431 799 1512 ὡς
819 1436 875 1501 καὶ
892 1433 1059 1523 πρότερον
1074 1433 1135 1501 οὐ·

124 1535 291 1621 νόμασταί
302 1554 367 1617 μοι.
391 1531 468 1618 ίρόν
482 1534 522 1599 δέ
534 1535 603 1599 έστι
617 1534 655 1599 ἐν
665 1539 705 1620 τῇ
715 1541 842 1599 Βουτοῖ
852 1533 956 1622 ταότη
967 1530 1135 1602 Ἀπόλλω-

127 1659 186 1710 νος
202 1632 256 1698 καὶ
270 1625 465 1715 Ἀρτέμιδος.
489 1628 579 1697 καὶὸ
592 1655 630 1716 γε
645 1627 726 1715 νηός
741 1636 799 1715 της
813 1638 961 1718 Λητοῦς,
980 1636 1017 1699 έν
1031 1637 1078 1722 τῷ
1092 1625 1133 1715 δη

127 1729 164 1799 τὸ
182 1727 383 1816 χρηστήριον
398 1735 463 1816 ένι,
486 1725 589 1808 αὐτός
602 1754 638 1796 τε
652 1728 810 1812 τυγχάνει
829 1726 895 1795 έιόν
910 1731 1012 1815 μέγας
1026 1725 1134 1796 καὶτὰ

127 1828 320 1915 προπάλαια
335 1832 400 1911 ἔχει
421 1831 455 1905 ἐς
474 1825 561 1908 ὕψος
582 1829 661 1894 δέκα
685 1822 860 1911 ὀργυιέων.
886 1824 924 1892 τὸ
941 1828 982 1894 δέ
993 1852 1051 1912 μοι
1067 1832 1135 1898 ,τῶν

128 1932 286 2016 φανερῶν
316 1919 359 2013 ἦν
396 1932 496 2014 θῶμα
537 1927 694 2013 μέγιστον
737 1921 967 2012 παρεχόμενον
1004 1923 1133 2012 φράσω.

128 2037 196 2096 ἔστι
213 2029 250 2094 έν
264 2031 309 2115 τῷ
320 2024 451 2109 τεμένεϊ
464 2024 571 2112 τούτῳ
582 2029 713 2108 Λητοῦς
727 2021 809 2108 νηὸς
820 2026 852 2103 ἐξ
869 2021 943 2110 ἑνός
956 2031 1061 2092 λίθου
1075 2046 1127 2088 πε

126 2128 305 2212 ποιημέυος
321 2128 355 2198 ές
371 2147 407 2189 τε
426 2120 513 2201 ὕψος
530 2123 585 2188 καὶ
609 2125 643 2198 ἐς
663 2127 783 2207 μῆκος,
807 2126 862 2189 καὶ
876 2137 984 2207 τοῖχος
998 2124 1135 2197 ἕκαστος

113 2217 274 2294 Ιτούτοισι
299 2232 384 2300 ίσος·
417 2220 661 2307 τεσσεράκοντα
684 2222 816 2307 πηχέων
839 2220 969 2288 τούτων
993 2223 1135 2288 ἕκαστον

125 2322 210 2395 ἐστὶ·
238 2320 275 2390 τό
295 2323 332 2388 δὲ
351 2323 601 2406 καταστέγασμα
621 2325 679 2407 τῆς
699 2317 828 2408 ὀροφῆς
852 2317 952 2400 ἄλλος
972 2322 1135 2389 ἐπικέεται

59 2440 108 2495 156
123 2432 221 2502 λίθος
248 2429 332 2508 ἔχων
353 2417 415 2506 τὴν
441 2423 662 2506 παρωροφίδα
685 2419 904 2505 τετράπηχυν.
950 2416 1050 2486 Οὕτω
1074 2421 1135 2503 μέν

127 2550 190 2592 νυν
216 2519 235 2589 ὁ
262 2518 343 2607 νηός
363 2525 432 2586 τεόν
453 2525 613 2603 φανερῶν
629 2543 686 2603 μοι
706 2524 775 2583 τῶν
790 2520 866 2604 περὶ
885 2523 985 2584 τοῦτο
1002 2515 1043 2584 τό
1058 2517 1135 2599 ἱρόν

124 2627 193 2690 ἐστι
231 2616 511 2702 θωμαστότατον,
534 2623 603 2683 τόν
619 2615 655 2683 δὲ
675 2617 843 2703 δευτέρων
857 2621 959 2701 νῆσος
973 2611 994 2700 ἡ
1008 2617 1136 2700 Χέμμις

124 2720 322 2801 καλεομένη.
346 2720 415 2780 έστι
427 2715 489 2798 μέν
500 2717 537 2780 έν
548 2721 649 2804 λίμνη
663 2717 772 2803 βαθέη
790 2718 845 2783 καὶ
859 2717 984 2803 πλατέη
998 2717 1134 2802 κειμένη

124 2813 214 2903 παρά
227 2812 264 2881 τό
277 2817 314 2882 ἐν
324 2812 552 2901 Βουτοῖίρόν,
574 2818 704 2902 λέγεται
717 2816 754 2884 δὲ
768 2813 828 2884 ὑπ’
841 2822 1037 2903 Αἰγυπτίων
1050 2813 1135 2882 εἶναι

124 2917 209 3003 αὕτη
229 2912 250 3002 ἡ
269 2923 371 3000 νῆσος
393 2915 515 3004 πλωτή.
546 2913 647 2997 αὐτὸς
662 2917 724 3004 μὲν
738 2923 843 3003 έγωγε
860 2913 1136 3002 οὔτεπλόουσαν

124 3015 202 3082 οὔτε
227 3025 427 3102 κινηθεῖσαν
451 3014 558 3102 εἶδον,
586 3019 717 3103 τέθηπα
739 3016 775 3082 δὲ
797 3011 949 3097 ἀκούων,
979 3017 1009 3079 εί
1033 3019 1135 3098 νῆσος

124 3111 276 3198 άληθέως
291 3117 358 3182 ἐστὶ
375 3112 498 3200 πλωτή.
524 3118 561 3182 έν
577 3113 616 3201 δη
635 3107 681 3183 όν
698 3112 802 3199 ταότη
816 3110 898 3196 νηός
911 3135 947 3177 τε
963 3106 1128 3178 Ἀπόλλω·

123 3236 182 3287 νος
203 3214 304 3296 μέγας
327 3217 378 3279 ένι
397 3215 453 3280 καὶ
475 3215 583 3298 βωμοὶ
605 3213 777 3298 τριφάσιοι
798 3209 1009 3295 ἐνιδρύαται,
1032 3211 1135 3293 ἐμπε-

124 3306 251 3389 φύκασι
267 3305 298 3374 δ’
319 3311 356 3377 ἐν
374 3308 458 3399 αὐτῇ
473 3315 627 3396 φοίνικές
636 3336 673 3377 τε
689 3311 806 3395 συχνοὶ
820 3310 875 3374 καί
893 3305 977 3375 άλλα
992 3309 1134 3391 δένδρεα

122 3409 177 3473 καὶ
195 3410 397 3495 καρποφόρα
414 3414 470 3476 καὶ
491 3411 604 3498 άφορα
627 3410 744 3479 πολλά.
776 3408 880 3492 λόγου
894 3406 932 3474 δέ
945 3405 1047 3474 τόνδε
1060 3408 1131 3474 έπι-
