2354 3840
144 108 207 170 ³22
514 110 762 168 HERODOTI

145 270 293 358 κρατη’ση
310 267 416 337 αὐτοῦ
433 264 525 354 παρά
545 274 591 356 τῷ
605 271 743 354 βασιλέϊ.
783 271 903 348 ξείνων
924 272 967 338 δέ
979 275 1017 338 οί
1030 270 1138 339 ἐλθόν

144 394 223 454 των,
234 375 302 436 τῶν
316 363 360 434 ἀν
375 366 478 452 λόγον
491 368 653 450 ποιέηται,
667 363 727 444 τὰς
740 364 891 451 κεφαλάς
902 368 1030 449 ταύτας
1043 393 1137 455 παρα·

148 470 259 553 φέρει,
270 471 326 537 καί
341 469 495 553 ἐπιλέγει,
509 463 556 544 οἷς
570 470 605 533 οί
617 466 729 544 ἐόντες
742 466 863 554 οἰκήιοι
877 467 1032 555 πόλεμον
1045 486 1136 556 προσ·

145 566 312 654 εθηκαντο
333 573 392 635 καί
411 586 526 653 σφεων
536 561 638 644 αύτός
648 566 869 654 ἐπεκράτησε,
881 567 1012 654 ταύτην
1022 566 1134 656 ἀνδρα-

93 679 129 735 δδ
146 672 273 752 γαθίην
287 668 448 751 λέγοντες.
471 663 576 743 ’Ἀπαξ
590 663 627 730 δὲ
640 670 702 730 τοῦ
719 665 878 730 ἐνιαυτοῦ
893 665 1039 734 ἑκάστου
1053 664 1070 735 ὁ
1086 691 1132 734 νο-

142 765 268 850 μάρχης
293 766 429 841 ἕκαστος
461 764 569 852 ἐντῷ
598 764 728 830 ἑωυτοῦ
741 767 835 850 νομῷ
870 771 973 852 κιρνᾷ
1000 770 1130 851 κρητῆρι

142 873 257 948 οἴνου,
273 859 331 928 ἀπ’
349 854 393 927 ού
407 868 545 929 πίνουσι
561 865 629 926 τῶν
643 859 830 945 Σκυθέων,
855 873 942 928 τοῖσι
961 856 1009 927 άν
1027 860 1129 943 ἀνδρες

142 964 296 1046 πολέμιοι
318 956 538 1048 ἀραιρημένοι
562 965 657 1027 ἔωσι·
686 972 771 1026 τοῖσι
792 955 824 1025 δ’
846 954 891 1026 ἀν
916 957 961 1048 μὴ
983 986 1128 1049 κατεργω

96 1074 100 1079 “
145 1060 271 1145 σμένον
284 1051 307 1148 ᾗ
322 1066 440 1145 τοῦτο,
469 1056 511 1127 ού
524 1058 682 1144 γεύονται
702 1062 763 1123 τοῦ
779 1064 877 1124 οἴνου
899 1059 1041 1147 τούτου,
1068 1054 1126 1128 ἀλλ’

144 1156 347 1244 ἠτιμωμένοι
362 1154 601 1225 ἀποκατέαται·
627 1154 759 1234 ὄνειδος
779 1158 819 1224 δέ
829 1163 894 1243 σφί
907 1159 976 1226 ἐστι
990 1162 1129 1246 μέγιστον

142 1263 258 1323 τοῦτο·
306 1255 379 1325 ὅσοι
400 1258 437 1324 δὲ
453 1251 497 1323 ἀν
517 1253 632 1322 αὐτῶν
651 1256 707 1322 καὶ
720 1254 826 1340 κάρτα
847 1254 995 1335 πολλούς
1022 1254 1129 1344 ἄνδρας

144 1349 364 1439 ἀραιρηκότες
390 1358 485 1439 ἔωσι,
518 1344 613 1419 ούτοι
640 1350 677 1419 δὲ
705 1351 835 1419 σύνδυο
858 1352 998 1432 κύλικας
1017 1359 1129 1439 ἔχοντες

142 1457 280 1518 πίνουσι
291 1447 386 1536 ὁμοῦ.

94 1569 129 1627 67
229 1546 379 1626 Μάντιος
394 1550 430 1616 δέ
446 1553 614 1617 Σκυθέων
638 1550 699 1616 είσί
716 1553 851 1633 πολλοὶ,
874 1555 909 1615 οἳ
922 1549 1129 1633 μαντεύονται

141 1646 296 1735 ῥάβδοισι
310 1651 449 1735 ἰτεΐνῃσι
460 1653 602 1735 πολλῇσι
616 1638 698 1713 οἶδε·
714 1642 817 1712 ἐπεάν
829 1646 998 1730 φακέλους
1011 1645 1131 1736 ῥάβδων

142 1742 309 1831 μεγάλους
329 1745 538 1830 ἐνείκωνται,
563 1747 683 1820 θέντες
698 1744 799 1828 χαμαὶ
813 1744 1067 1822 διεξειλίσσουσι
1081 1739 1131 1811 αύ-

145 1836 241 1926 τούς,
255 1841 310 1907 καὶ
323 1841 376 1907 ἐπὶ
386 1846 468 1924 μίαν
479 1839 622 1924 ἑκάστην
636 1839 764 1926 ῥάβδον
779 1839 929 1916 τιθέντες
938 1845 1129 1920 θεσπίζουσι

143 1936 211 2025 ἅμα
226 1964 261 2005 τε
276 1940 428 2022 λέγοντες
444 1943 548 2004 ταῦτα
563 1938 774 2004 συνειλέουσι
794 1933 853 2014 τάς
874 1935 1023 2025 ῥάβδους
1041 1933 1131 2005 daton

142 2036 197 2103 καὶ
214 2027 308 2113 αύτις
322 2032 405 2101 κατά
430 2041 510 2119 μίαν
524 2045 722 2103 συντιθεῖσι.
758 2031 842 2118 αὕτη
864 2033 927 2118 μέν
946 2054 1009 2121 σφι
1023 2031 1044 2122 ἡ
1059 2060 1130 2122 μαν-

142 2127 215 2217 τικὴ
239 2135 387 2215 πατρωίη
415 2131 499 2215 ἐστὶ,
526 2137 559 2197 οί
579 2133 615 2198 δὲ
632 2129 783 2217 Ἐνάρεες
804 2135 838 2198 οί
854 2128 1062 2220 ἀνδρόγυνοι
1082 2130 1131 2220 τὴν

138 2227 338 2317 Ἀφροδίτην
352 2248 413 2315 σφι
428 2228 564 2314 λέγουσι
582 2227 750 2317 μαντικὴν
769 2232 904 2296 δοῦναι·
934 2222 1130 2320 φιλύρηςάν

142 2333 250 2417 φλοιῷ
270 2326 508 2412 μαντεύονται·
545 2325 647 2394 ἐπεάν
675 2325 738 2413 τὴν
754 2325 904 2412 φιλύρην
925 2336 1020 2415 τρίχα
1040 2335 1129 2416 σχίση,

143 2432 332 2499 διαπλέκων
344 2429 381 2495 έν
391 2442 476 2496 τοῖσι
488 2428 682 2496 δακτύλοισι
693 2441 778 2494 τοῖσι
791 2429 918 2494 ἑωυτοῦ
930 2433 987 2497 καὶ
998 2428 1130 2500 διαλύων

94 2544 128 2604 σε
141 2534 212 2614 χρᾷ.
234 2522 352 2592 Ἐπεάν
373 2524 409 2592 δὲ
436 2524 594 2612 βασιλεύς
615 2524 632 2594 ὁ
653 2527 821 2594 Σκυθέων
847 2527 954 2616 κάμῃ,
979 2524 1132 2615 μεταπέμ·

142 2649 238 2692 πεται
263 2630 330 2689 τῶν
356 2630 505 2709 μαντίων
529 2625 655 2712 ἄνδρας
681 2638 768 2711 τρεῖς
788 2622 867 2704 τούς
892 2622 1132 2715 εὐδοκιμέοντας

142 2723 302 2813 μάλιστα,
325 2730 359 2790 οἳ
370 2725 484 2814 τρόπῳ
505 2731 550 2812 τῷ
566 2728 729 2814 είρημένςα
749 2723 988 2810 μαντεύονται·
1017 2728 1072 2794 καὶ
1088 2722 1131 2791 λέ-

142 2842 240 2911 γουσι
256 2813 350 2889 οὗτοι
367 2819 411 2901 ὦς
426 2820 462 2889 τό
480 2824 602 2889 ἐπίπαν
623 2822 766 2909 μάλιστα
783 2822 879 2908 τάδε,
906 2819 951 2900 ὡς
967 2819 1028 2902 τάς
1048 2831 1133 2911 βασι·
1158 2878 1161 2885 ,

141 2931 235 3012 ληίας
251 2927 356 3002 ίστίας
371 2922 558 3010 ἐπιάρκηκε
574 2919 610 3002 ὃς
626 2925 681 2990 καὶ
702 2920 755 3007 ὃς,
777 2924 930 3007 λέγοντες
948 2929 1019 2989 τῶν
1037 2918 1134 2990 ἀστῶν
1156 2922 1173 3017 ¹

141 3024 202 3094 τὸν
220 3020 263 3092 ἀν
281 3020 321 3109 δὴ
337 3025 467 3110 λέγωσι.
500 3020 559 3101 τάς
577 3021 613 3089 δὲ
624 3025 797 3110 βασιληίας
817 3024 921 3098 ίστίας
934 3019 1040 3106 νόμος
1053 3015 1173 3111 Σκύ-χ·

211 3149 225 3193 ι
240 3119 280 3190 τά
295 3119 438 3208 μάλιστά
452 3123 520 3189 ἐστι
539 3117 685 3208 ὀμνύναι
698 3118 784 3206 τότε,
801 3116 902 3188 ἐπεάν
912 3116 973 3187 τὸν
989 3121 1136 3205 μέγιστον
1155 3124 1163 3163 -“

62 3292 64 3297 .
94 3222 114 3257 ”
261 3221 403 3289 ἐθέλωσι
418 3219 573 3306 ὀμνύναι.
604 3217 723 3289 αὐτίκα
737 3220 774 3286 δὲ
791 3218 1052 3303 διαλελαμμένος
1068 3212 1138 3302 ἀγε-

62 3135 335 3512 ὔτνς,
361 3314 478 3391 τδνάν
500 3314 543 3410 δὴ
562 3325 652 3408 φῶσι
670 3321 884 3403 ἐπιορνήσαι,
900 3311 1087 3399 ἀπιγμένον
1108 3309 1139 3381 δ)

62 3423 78 3496 Ι
