2354 3840
297 111 302 129 '
347 117 430 173 LIB.
463 119 483 174 1.
517 118 613 176 CAP.
647 125 822 181 198-202
1022 117 1082 182 107

150 271 275 360 ,Νόμοι
288 273 352 360 μέν
363 272 404 360 δὴ
415 289 501 343 τοῖσι
510 283 758 364 Βαβυλωνίοισι
769 270 863 346 οὗτοι
880 282 1081 367 κατεστέασι,
1100 298 1153 352 ²00

76 374 143 442 είσλ
157 373 200 441 δέ
209 370 321 441 αύτάν
335 377 471 461 πατριαὶ
487 390 592 464 τρεῖς,
610 383 648 445 αἱ·
662 373 763 445 οῦδὲν
780 375 861 446 ἀλλο
876 381 1040 446 σιτέονται
1054 383 1085 446 εί

75 469 122 560 μὴ
135 477 235 559 ἰχθῦς
244 478 392 559 μοῦνον,
406 469 487 552 τούς
497 477 571 543 έπεί
581 501 617 543 τε
631 469 675 542 ἀν
689 475 918 561 θηρεύσαντες
932 473 1083 563 αὐήνωσι

74 567 163 654 πρὸς
172 566 287 656 ἥλιον,
302 575 435 639 ποιεῦσι
444 571 541 638 τάδε·
567 570 1083 660 έσβάλλουσιέςὸλμονκαλλεή-

74 694 197 749 ναντες
207 667 361 755 ῦπέροισι
372 673 455 735 σῶσι
469 665 525 736 διά
541 671 714 750 σινδόνος·
742 674 797 739 καὶ
811 668 848 750 δς
861 674 924 758 μὲν
937 667 981 739 ἀν
996 673 1081 759 βού-

75 780 173 859 ληται
196 767 325 888 αύταῖν,
352 765 411 836 ύτε
434 769 541 854 μάζαν
559 771 748 858 μαξάμενος
768 777 833 858 ἔχει
840 823 850 856 ,
878 768 897 840 ὁ
920 774 956 839 δὲ
976 771 1081 856 ἀρτου

74 891 204 951 τροπον
220 889 374 954 οπτησας.

154 964 213 1044 Ὦς
223 968 260 1033 δέ
271 971 316 1055 τῷ
328 963 431 1054 Κύρῳ
442 967 497 1031 καὶ
507 970 606 1031 τοῦτο
617 960 654 1030 τό
665 969 767 1044 έθνος
777 969 989 1053 κατέργαστο,
1002 969 1079 1034 έπε-
1095 987 1144 1040 σοι

73 1063 210 1150 θύμησε
216 1064 437 1145 Μασσαγέτας
450 1057 510 1128 ὑπ’
523 1064 635 1151 ἑωυτῷ
647 1063 862 1149 ποιήσασθαι.
879 1061 917 1132 τδ
930 1064 967 1133 δέ
978 1070 1079 1142 έθνος

73 1169 175 1231 τοῦτο
196 1163 252 1229 καὶ
275 1164 359 1247 μέγα
379 1165 509 1246 λέγεται
530 1159 691 1229 εἶναικαὶ
712 1161 871 1249 ἄλκιμον,
900 1168 1079 1250 οἰκημένον

74 1261 111 1328 δέ
129 1257 214 1346 πρὸς
234 1254 333 1344 ἠύτε
351 1260 406 1325 καὶ
418 1253 518 1342 ἡλίου
533 1254 714 1345 ἀνατολάς,
741 1264 847 1347 πέρην
862 1268 924 1328 τοῦ
935 1259 1077 1347 Ἀράξεω

72 1364 244 1445 ποταμοῦ,
264 1353 380 1425 ἀντίον
395 1356 432 1424 δέ
443 1353 642 1442 Ἰσσηδόνων
657 1354 802 1446 ἀνδρῶν.
830 1364 892 1429 εἰσὶ
905 1360 942 1428 δέ
957 1364 1078 1439 οἵτινες

73 1461 130 1528 καὶ
141 1453 320 1526 Σκυθικὸν
333 1460 467 1541 λέγουσι
478 1460 577 1523 τοῦτο
591 1453 628 1523 τό
641 1462 742 1537 ἔθνος
757 1456 852 1526 εἶναι.
879 1457 916 1527 ‘0
932 1461 968 1527 δέ
979 1457 1078 1545 ’Λρά-
1093 1482 1144 1534 202

73 1564 131 1645 ξης
152 1549 354 1644 λέγεταικαὶ
374 1558 480 1642 μέζων
503 1557 558 1624 καὶ
583 1552 734 1625 ἐλάσσων
752 1556 837 1626 εἶναι
862 1565 922 1625 τοῦ
934 1556 1075 1644 Ἴστρου.

73 1656 199 1745 νήσους
213 1653 245 1723 δ’
261 1657 300 1723 έν
313 1651 404 1743 αύτῷ
416 1657 532 1743 Λέσβῳ
543 1654 694 1740 μεγάθεα
708 1662 938 1743 παραπλησίας
953 1655 1077 1740 συχνάς

72 1752 274 1841 ῳασιέἶναι,
297 1753 334 1820 έν
355 1750 392 1818 δέ
404 1747 524 1838 αύτῇσι
539 1747 762 1838 ἀνθρώπους,
788 1759 823 1820 οἳ
838 1752 1001 1820 σιτέονται
1014 1752 1076 1837 μέν

71 1855 164 1940 ῥίζας.
181 1847 219 1917 τδ
240 1851 342 1935 θέρος
362 1845 564 1934 ὀρύσσοντες
586 1855 761 1934 παντοίας,
787 1847 937 1937 καρπούς
958 1850 995 1916 δέ
1009 1844 1074 1917 ἀπὸ

72 1951 240 2034 δενδρέων
265 1945 505 2032 ἐξευρημένους
532 1965 593 2031 σφι
620 1949 654 2025 ές
678 1944 811 2035 φορβὴν
834 1954 1075 2015 κατατίθεσθαι

72 2044 234 2135 ὡραίους,
262 2046 319 2112 καὶ
333 2044 475 2122 τούτους
489 2047 659 2112 σιτέεσθαι
681 2041 742 2132 την
757 2044 965 2134 χειμερινήν·
991 2041 1075 2112 ἀλλα

71 2149 112 2215 δέ
124 2166 184 2231 σφι
201 2145 401 2230 ἐξευρῆσθαι
416 2143 556 2228 δένδρεα
572 2139 723 2229 καρπούς
737 2145 891 2213 τοιούσδε
905 2140 999 2222 τινάς
1014 2147 1075 2228 φέ-

71 2269 191 2333 ροντα,
207 2239 303 2326 τούς,
327 2242 434 2308 ἐπείτε
455 2235 499 2306 άν
519 2242 553 2318 ές
571 2236 678 2307 τάυτδ
697 2246 888 2310 συνέλθωσι
905 2240 988 2308 κατὰ
1003 2251 1075 2319 ίλας

69 2347 127 2414 καί
137 2349 206 2428 πῦρ
218 2338 486 2426 ἀνακαύσωνται,
499 2339 613 2430 κύκλῳ
623 2343 872 2426 περιιζομένους
884 2333 1075 2428 ἐπιβάλλειν

70 2446 124 2511 έπὶ
137 2438 175 2509 τὸ
191 2447 277 2525 πῦρ,
293 2435 635 2525 ὀσφραινομένους-δέ
646 2441 905 2525 καταγιζομένου
920 2445 980 2504 τοῦ
991 2464 1074 2521 καρ-

68 2545 138 2607 ποῦ
152 2545 213 2607 τοῦ
224 2537 489 2624 ἐπιβαλλομένου
499 2536 734 2622 μεθύσκεσθαι
743 2542 784 2624 τη”
794 2532 896 2624 ὀδμῇ,
926 2534 1073 2621 κατάπερ

64 2638 225 2726 Έλληνας
238 2644 285 2727 τῷ
299 2647 398 2728 οίυῳ,
422 2643 566 2716 πλεῦνος
582 2640 618 2707 δὲ
635 2640 899 2725 ἐπιβαλλομένου
914 2644 974 2705 τοῦ
990 2662 1074 2722 καρ-

68 2743 138 2804 ποῦ
159 2742 288 2823 μῦλλον
308 2733 560 2819 μεθύσκεσθαι,
588 2739 621 2815 ἐς
642 2733 661 2804 δ
680 2740 713 2816 ές
734 2736 870 2824 ὄρχησίν
886 2762 921 2805 τε
938 2733 1074 2805 ἀνίστα-

68 2846 152 2904 σθαι
166 2837 222 2903 καὶ
236 2837 269 2913 ές
280 2833 400 2921 άοιδηυ
411 2828 640 2906 ἀπικνέεσθαι.
667 2839 798 2904 τούτων
811 2837 873 2923 μέν
883 2834 968 2922 αῦτη
978 2840 1074 2920 λέγε·

68 2960 124 3002 ται
148 2937 257 3001 δίαιτα
283 2929 377 3000 εἶναι.
420 2929 439 3000 ὁ
463 2933 500 3002 δέ
521 2931 661 3020 Ἀράξης
685 2931 833 3020 ποταμὸς
856 2934 923 3019 ῥέει
950 2931 1012 3018 μέν
1037 2935 1073 3000 έκ

69 3037 274 3116 Ματιηνῶν,
296 3026 381 3098 ὅθεν
403 3055 465 3116 περ
488 3028 506 3099 ὁ
526 3033 676 3118 Γύνδης,
704 3029 764 3100 τδν
784 3033 817 3109 ές
832 3026 892 3108 τάς
908 3029 1074 3118 διώρυχας

67 3128 127 3210 τοὶς
140 3127 302 3218 ἑξήκοντά
318 3155 354 3197 τε
376 3131 430 3197 καὶ
446 3137 636 3216 τριηκοσίας
651 3134 783 3217 διέλαβε
803 3125 967 3216 ὁΚῦρος,
994 3126 1072 3196 στό-

66 3247 149 3312 μασι
162 3228 200 3296 δέ
216 3225 422 3314 ἐξερεύγεται
437 3228 697 3313 τεσσεράκοντα,
723 3233 791 3294 τῶν
803 3222 843 3294 τά
862 3224 970 3294 πάντα
984 3221 1072 3312 πλὴν

67 3323 144 3406 ένδς
158 3326 192 3406 ές
207 3323 283 3395 ἕλεά
294 3351 329 3392 τε
344 3329 399 3392 καί
410 3325 550 3410 τενάγεα
565 3329 706 3413 έκδιδοϊ,
725 3328 761 3395 έν
772 3340 856 3394 τοῖσι
868 3322 1072 3406 ἀνθρώπους

1040 3502 1116 3536 ,ιι-Η
