2354 3840
133 210 194 272 250
509 205 759 264 HERODOTI

132 393 210 440 οατο
228 380 297 441 πᾶν
316 369 353 439 τό
376 375 525 455 πρῆγμα·
551 369 584 433 οί
597 363 632 432 δὲ
653 367 707 431 καὶ
730 359 825 430 αὑτοὶ
848 361 912 480 ἀρα
940 359 1141 480 ύπόπιευρν,

132 470 340 541 οὕτωτοῦτο
365 475 468 555 ἔχειν,
496 463 728 539 ἀνενείκαντος
750 461 787 528 δὲ
811 467 872 527 τοῦ
890 457 1035 527 Ὀτάνεω
1058 455 1130 536 τοὺς

131 569 254 655 λόγους
265 569 434 647 ἐδέξαντο·
457 565 512 630 καὶ
523 563 617 640 ἐθοξέ
625 579 686 645 σφι
700 561 841 626 ἕκαστον
855 555 963 644 ἀνδρα
977 556 1130 643 Περσέων

131 672 450 755 προσεταιρίσασθαι
466 667 604 746 τοῦτον,
626 666 672 750 τῷ
691 658 839 726 πιστεύει
855 656 1007 743 μάλιστα.
1043 654 1130 726 ’Ota'-

130 793 191 852 νης
204 767 267 851 μέν
284 791 350 832 νυν
367 763 518 849 ἐσάγεται
531 711 760 847 Ἰνταφέρνεα,
782 759 944 878 Γωβρύης
964 759 1001 827 βε
1017 758 1131 844 Μεγά-

130 867 193 951 βυζ
192 887 249 948 ον,
269 860 472 946 Ἀσπαθίνης
486 861 523 927 δὲ
540 856 710 944 Ὑδάρνεα.
744 855 934 942 γεγονότων
955 854 992 922 δὲ
1006 853 1131 923 τούτων

130 965 164 1041 ἐξ
185 966 402 1048 παραγίνεται
428 961 461 1037 ἐς
484 955 524 1026 τά
546 964 662 1025 Σοῦσα
676 965 821 1044 Δαρεῖος
841 953 858 1024 ὁ
879 953 1080 1034 Ὑστάσπεος
1099 956 1132 1022 ἐκ

130 1061 289 1143 Περσέων
303 1057 413 1145 ἥκων·
436 1057 566 1124 τούτων
581 1053 645 1142 γάρ
661 1053 702 1141 66
717 1049 761 1142 ἦν
776 1060 810 1124 oc
822 1052 841 1123 6
853 1052 961 1143 πατὴρ
976 1053 1130 1142 ῦπαρηος.

130 1158 199 1224 ἐπεὶ
214 1149 263 1224 τάν
278 1149 375 1234 οὗτος
391 1153 543 1242 ἀπίκετο,
561 1168 647 1224 τοῖσι
669 1157 702 1235 ἓξ
717 1161 785 1222 τῶν
798 1158 957 1242 Περσέων
972 1159 1066 1235 ἔδοξε
1081 1157 1131 1223 καὶ

84 1266 110 1321 λι
128 1263 276 1341 Δαρεῖον
291 1260 619 1342 προσεταιρίσασθαι.
646 1254 881 1334 Συνελθόντες
896 1255 933 1322 66
948 1246 1044 1324 οὑτοι
1059 1253 1133 1322 ἐόν-

129 1379 181 1430 τες
198 1350 277 1420 ἑπτά
292 1348 448 1421 ἐδίδοσάν
462 1371 557 1437 σφισι
572 1350 695 1436 λόγους
710 1352 764 1418 καὶ
777 1357 893 1430 πίστις.
925 1353 1034 1418 ἐπείτε
1052 1352 1089 1418 δὲ
1103 1352 1133 1428 ἐς

129 1463 277 1537 Δαρεῖον
308 1449 443 1519 ἀπίκετο
474 1450 614 1535 γνάμην
647 1447 915 1535 ἀποφαίνεσθαι,
950 1450 1046 1535 ἐλεγέ
1074 1469 1133 1534 σφι

128 1550 223 1616 τάδε·
253 1546 334 1633 ’λυγὺ
359 1555 463 1615 ταῦτα
484 1549 621 1616 ἐῦόκεον
644 1549 707 1635 μὲν
729 1545 831 1626 αὑτός
851 1555 977 1634 μοῦνος
1000 1551 1133 1616 ἐπίστα-

128 1659 227 1733 σθαι,
250 1645 301 1714 ὅτι
323 1674 357 1715 τε
379 1645 396 1716 ὁ
418 1647 525 1734 μάγος
540 1657 596 1741 Ιεἴη
618 1645 637 1715 6
659 1648 849 1735 βασιλεύων
872 1648 927 1715 καὶ
947 1649 1095 1734 Σμέρδις
1115 1641 1132 1711 6

128 1746 247 1832 Κύρου
273 1745 500 1833 τετελεύτηκε·
533 1747 588 1814 καὶ
617 1743 723 1815 αὑτοῦ
753 1745 876 1814 τούτου
908 1749 1038 1815 εἵνεκεν
1062 1743 1133 1832 ἥκω

128 1848 259 1932 σπουδῇ
276 1840 319 1922 ὡς
334 1846 509 1932 συστήσων
525 1849 578 1913 ἐπὶ
594 1852 640 1935 τῷ
654 1846 749 1936 μάγφ
765 1847 926 1914 θάνατον.
968 1845 1078 1913 ἐπείτε
1099 1843 1133 1910 δὲ

128 1940 306 2026 συνήνεικε
322 1938 405 2007 ὥστε
426 1941 481 2007 καλ
504 1939 607 2026 ὑμέας
629 1945 752 2010 είῦέναι
773 1944 827 2009 καλ
847 1938 892 2028 μὴ
913 1947 1045 2028 μοῦνον
1065 1943 1132 2025 ἐμέ,

126 2042 253 2157 ποιέειν
274 2036 393 2106 αὐτίκα
414 2064 471 2124 μοι
492 2043 600 2107 δοκέει
622 2040 743 2161 καὶμὴ
768 2038 1057 2129 ὑπερβάλλεσθαι·
1092 2035 1132 2105 06

126 2135 190 2225 γάρ
203 2135 350 2221 ἀμεινον.
385 2133 467 2202 Είπε
466 2134 562 2256 πρβς
573 2135 706 2205 ταῦταὸ
720 2136 871 2224 Ὀτάνης·
893 2132 933 2206 Ὦ
944 2151 1008 2205 παῖ
1015 2135 1133 2205 Ὑστά-

126 2254 242 2315 σπεος,
266 2231 311 2310 εἷς
326 2259 360 2300 τε
371 2230 496 2321 πατρὸς
511 2231 645 2319 ἀγαθοῦ
660 2239 715 2303 καὶ
729 2238 903 2323 ἐκφαίνειν
917 2233 1009 2313 ολκας
1024 2254 1133 2302 σεωυ-

124 2327 185 2398 τόν
201 2328 299 2397 ἐόντα
316 2336 376 2396 τοῦ
390 2327 515 2417 πατρός
530 2328 666 2399 0666ss
644 2352 747 2400 εσσω·
768 2331 830 2420 τήν
840 2337 953 2455 μέντοι
965 2324 1130 2420 ἐπιχείρη-

126 2449 181 2497 σιν
196 2425 322 2512 ταύτην
342 2426 387 2513 μὴ
410 2427 499 2496 οὑτω
520 2431 708 2516 συντάχυνε
730 2429 899 2519 ἀβούλως,
922 2428 997 2500 ἀλλ’
1020 2429 1128 2500 ἐπὶ
1094 2456 1131 2499 το

126 2527 401 2611 σωφρονέστερον
415 2523 521 2612 αὐτὴν
535 2527 701 2614 λάμβανε·
725 2527 828 2596 ἀεί
789 2555 854 2617 γαρ
869 2537 1016 2608 πλεῦνας
1030 2555 1133 2615 γενο-

124 2625 246 2707 μένους
269 2617 358 2686 οῦτω
376 2623 577 2709 ἐπιχειρέειν.
621 2627 721 2712 Λέγει
744 2623 827 2714 πρός
847 2635 951 2694 ταῦτα
968 2637 1131 2717 Δαρεῖος·

115 2717 253 2804 Ἀνθρες
276 2722 309 2784 οί
328 2721 524 2806 παρεόντες,
547 2722 659 2813 τρόπω
684 2730 729 2814 τῷ
750 2725 913 2815 είρημένφ
935 2727 968 2807 ἐξ
987 2725 1132 2795 Ὀτάνεω

124 2824 154 2886 εί
166 2818 348 2904 χρήσεσθε,
371 2820 550 2887 ἐπίστασθε
564 2819 615 2889 ότι
629 2819 814 2889 ἀπολέεσθε
829 2822 984 2892 κάκιστα·
1012 2827 1133 2904 ἐξοίσει

122 2915 187 3000 γάρ
209 2941 259 2992 τις
281 2912 363 3001 πρὸς
387 2915 448 2983 τόν
468 2916 594 3009 μάγον,
617 2923 684 3007 ίθίη
709 2923 992 3008 περιβαλλόμενος
1017 2924 1132 3013 ἑωυτῷ

123 3014 250 3098 κέρδεα.
285 3013 427 3099 μάλιστα
451 3016 513 3100 μέν
531 3041 596 3081 νυν
625 3013 782 3102 ὠφείλετε
804 3017 856 3085 ἐπ’
881 3017 995 3105 ὑμέων
1016 3016 1132 3087 αὑτῶν

122 3111 302 3196 βαλόμενοι
323 3115 448 3179 ποιέειν
469 3119 588 3179 ταῦτα·
625 3113 700 3180 ἐπεί
685 3116 733 3180 ίτε
748 3106 817 3182 δὲ
801 3130 881 3201 υμῖν
895 3113 1113 3202 ἀναφέρειν’
1096 3144 1131 3196 ες

122 3212 268 3284 πλεῦνας
284 3207 402 3280 ἐδόκεε
416 3212 470 3277 καλ
493 3212 563 3327 ἐμοὶ
584 3208 862 3300 ὑπερέθεσθε,”
840 3241 860 3300 η
879 3216 1046 3301 ποιεωμεν
1067 3215 1130 3337 66-

122 3326 242 3389 μερον,
264 3300 286 3390 6
303 3305 410 3373 ίστε’
392 3322 474 3393 ὑμῖν
498 3305 550 3375 ότι
571 3303 614 3394 66
630 3306 837 3400 ὑπερπέσηὴ
856 3319 922 3380 νῦν
937 3309 1104 3402 ἡμέρη,
1083 3341 1129 3394 ως

121 3396 183 3467 οῦκ
198 3396 298 3480 ἀλλος
319 3402 411 3488 φθάς
427 3407 506 3491 ἐμεῦ
524 3404 707 3492 κατήγορος
723 3413 829 3489 ἔσται,
853 3407 893 3477 αλ
896 3408 938 3478 λα
955 3429 1042 3489 σφεα
1063 3409 1120 3478 αύ
