2354 3840
50 309 56 320 .
139 225 202 286 210
519 232 768 289 HERODOTI

139 391 176 454 δὲ
192 393 225 454 οί
238 391 368 473 Δελφοί
389 393 464 474 περὶ
486 386 544 467 τὰς
564 389 661 468 πόλις
684 393 898 475 ἐδωτίναζον,
921 396 1097 469 ποιεῦντες
1113 389 1151 457 δὲ

139 493 237 553 τοῦτο
260 484 322 553 οὐκ
344 487 516 572 ἐλάχιστον
537 491 570 568 ἐξ
585 489 760 573 Αἰγύπτου
782 486 968 575 ἠνείκαντο.
1007 487 1150 577 ’Ἄμασις

139 585 202 671 μέν
216 584 281 669 γόρ
297 603 358 668 σφι
379 589 481 651 ἔδωκε
494 592 582 670 χίλια
597 591 798 672 στυπτηρίης
819 584 981 672 τάλαντα,
1005 593 1041 655 οί
1059 589 1098 654 δὲ
1112 590 1149 655 ἐν

140 681 300 770 ,Αἰγύπτῳ
317 681 645 767 οίκέοντεςἝλληνες
660 690 764 748 εἴκοσι
778 683 888 767 μνέας.

77 799 122 851 181
224 785 445 865 Κυρηναίοισι
463 777 645 863 δὲ”Αμασις
660 778 822 865 φιλότητά
836 785 941 848 τεκαὶ
956 789 1148 868 συμμαχίην

141 875 361 962 συνεθήκατο.
386 878 558 943 ἐδικαίωσε
573 876 609 942 δὲ
623 879 679 943 καλ
692 883 794 962 γῆμαι
810 874 975 964 αὐτόθεν,
993 877 1054 946 εἴτ’
1075 882 1145 947 έπι-

140 978 297 1062 θνμησας
305 975 494 1060 Ἑλληνίδος
509 973 680 1060 γυναικός,
697 984 761 1042 εἴτε
775 979 830 1044 καί
846 975 953 1057 ἀλλως
968 978 1147 1065 φιλότητος

140 1082 345 1162 Κυρηναίων
360 1078 497 1140 εἵνεκεν.
520 1074 635 1158 γαμέει
651 1069 682 1138 δ’
701 1065 766 1158 ἀν,
785 1078 819 1141 oi
831 1076 893 1159 μὲν
908 1075 1044 1160 λέγουσι
1057 1076 1147 1143 Βαίτ-

139 1201 216 1260 τον,
232 1179 266 1242 oc
279 1170 310 1239 δ’
325 1171 518 1258 Ἀρκεσίλεω
533 1171 722 1255 θυγατέρα,
738 1174 772 1236 οἱ
785 1170 822 1237 δὲ
833 1171 1069 1256 Κριτοβούλου
1084 1170 1147 1238 ἀν-

140 1272 220 1359 δρός
230 1280 298 1339 τῶν
309 1268 419 1338 ἀστῶν
435 1275 592 1354 δοκίμου,
610 1274 649 1355 τῇ
661 1267 792 1353 ούνομα
805 1261 850 1354 ἦν
861 1273 998 1356 Λαδίκη.
1014 1271 1148 1357 τῇέπεί-

139 1399 174 1440 τε
185 1377 396 1456 συγκλίνοιτο
412 1365 593 1453 δ”Λμασις,
609 1374 788 1452 μίσγεσθαι
799 1366 869 1434 οὐκ
877 1364 947 1446 οἷός
957 1395 993 1436 τε
1005 1372 1144 1456 ἐγένετο,
1156 1445 1158 1451 ,

139 1478 213 1557 τῇσι
230 1470 265 1536 δὲ
280 1466 398 1554 ἀλλησι
415 1467 546 1552 γυναιξὶ
562 1467 686 1552 ἐχρᾶτο.
727 1465 838 1531 ἐπείτε
852 1464 889 1532 δὲ
902 1464 1031 1533 πολλόν
1044 1475 1144 1534 τοῦτο

140 1569 283 1651 ἐγένετο,
308 1562 377 1630 εἶπε
392 1561 410 1630 ὁ
423 1562 561 1649 ’Ἄμασις
582 1560 666 1650 πρός
687 1561 749 1649 την
764 1567 914 1648 Λαδίκην
935 1564 1061 1650 ταύτην
1083 1593 1143 1632 κα-

140 1664 317 1748 λεομένην·
350 1655 390 1726 Ὠ
410 1660 528 1745 γύναι,
551 1659 634 1727 κατά
647 1686 688 1745 με
710 1659 917 1747 ἐφάρμαξας,
936 1663 991 1730 καὶ
1006 1668 1075 1730 ἔστι
1092 1686 1141 1730 τοι

141 1758 279 1847 οὐδεμία
296 1756 424 1846 μηχανὴ
440 1756 485 1844 μὴ
503 1755 566 1824 ούκ
584 1754 792 1825 ἀπολωλέναι
813 1758 953 1825 κάκιστα
969 1766 1143 1845 γυναικῶν

50 1868 53 1872 ⁴
140 1863 283 1929 πασέων.
327 1858 371 1925 Ἡ
392 1860 428 1926 δὲ
449 1862 594 1944 Λαδίκη,
625 1856 736 1924 έπείτέ
762 1858 798 1924 οί
829 1854 1018 1948 ἀρνευμένῃ
1043 1857 1143 1927 οὐδὲν

140 1964 265 2046 ἐγίνετο
291 1959 476 2044 πρηΰτερος
501 1955 694 2045 δ’Ἇμασις,
722 1954 850 2042 εὔχεται
876 1960 913 2025 έν
934 1966 980 2049 τῷ
1006 1960 1077 2051 νόφ
1104 1968 1143 2048 τῇ

136 2057 330 2143 Ἀφροδίτη,
352 2055 394 2142 ἥν
410 2060 444 2122 οἱ
455 2052 514 2123 ὑπ’
533 2057 664 2141 ἐκείνην
685 2053 747 2142 τὴν
761 2056 868 2123 νύκτα
885 2065 989 2146 μιχθῇ
1004 2056 1023 2127 ό
1038 2057 1142 2144 ’Ἀμα-

141 2180 208 2241 σις,
230 2162 328 2222 τοῦτο
346 2154 410 2241 γάρ
426 2160 460 2222 oc
479 2163 585 2222 κακοῦ
606 2153 691 2224 εἶναι
711 2161 830 2242 μῆχος,
852 2156 984 2244 ἀγαλμά
1006 2166 1040 2228 οί
1058 2159 1143 2228 ἀπο-

140 2256 283 2341 πέμψειν
309 2255 341 2331 ές
366 2254 537 2340 Κυρήνην.
577 2252 659 2339 μετὰ
686 2253 721 2321 δὲ
746 2251 807 2339 τὴν
838 2251 940 2342 εὐχὴν
965 2255 1086 2326 αὐτίκα
1112 2261 1143 2325 ol

139 2355 258 2438 ἐμίχθη
281 2348 470 2437 δ’Ἁμασις,
499 2352 553 2417 καλ
573 2348 611 2418 τό
634 2353 794 2418 ἐνθεῦτεν
818 2349 900 2440 ἤδη,
927 2351 1025 2423 ὁκότε
1047 2362 1143 2424 ἔλθοι

139 2447 223 2534 πρός
254 2445 375 2534 αὐτην,
409 2450 575 2534 ἐμίσγετο,
608 2449 664 2515 καλ
688 2447 794 2533 κάρτα
819 2474 878 2534 μιν
905 2455 1034 2537 ἔστερξε
1060 2449 1141 2539 μετὰ

138 2558 246 2617 τοῦτο.
275 2546 296 2635 ἡ
318 2549 354 2616 δὲ
367 2553 496 2634 Λαδίκη
517 2547 668 2615 ἀπέδωκε
687 2545 749 2633 τὴν
765 2544 866 2634 εύχην
879 2556 919 2636 τῇ
934 2557 1023 2640 θεῷ·
1045 2575 1143 2639 ποιη-

140 2651 264 2731 σαμένη
279 2644 343 2730 γὰρ
366 2645 498 2733 ἀγαλμα
520 2643 692 2731 ἀπέπεμψε
713 2647 745 2723 ές
760 2645 940 2732 Κυρήνην,
962 2644 1000 2714 τό
1017 2653 1065 2715 έιι
1088 2652 1143 2717 καλ

139 2750 172 2825 ές
187 2746 242 2833 ἐμὲ
256 2739 300 2831 ἦν
320 2745 417 2830 σόον,
440 2750 501 2825 ἔξω
516 2749 697 2832 ἱδρυμένον
716 2752 777 2812 τού
790 2752 994 2833 Κυρηναίων
1015 2745 1140 2828 ἄστεος.

90 2917 94 2924 ,
137 2845 262 2930 ταύτην
285 2841 347 2930 την
362 2847 528 2929 Λαδίκην,
551 2840 595 2920 ὡς
616 2843 818 2930 ἐπεκράτησε
834 2843 1019 2930 Καμβύσης
1033 2847 1143 2932 Αίγύ-

137 2968 222 3011 πτου
237 2945 292 3010 καλ
306 2942 450 3010 ἐπύθετο
468 2940 585 3027 αὐτῆς,
607 2939 679 3026 ἥτις
695 2951 761 3028 είη,
784 2939 957 3028 ἀπέπεμψε
977 2940 1094 3012 ἀσινέα
1109 2948 1143 3025 ές

135 3040 306 3125 Κυρήνην.

73 3159 120 3212 182
214 3141 374 3224 Ἀνέθηκε
395 3141 505 3206 δὲκαὶ
527 3135 726 3224 ἀναθήματα
744 3134 914 3223 δἍμασις
934 3141 967 3217 ἐς
983 3136 1046 3225 τὴν
1067 3138 1141 3208 Ἑλ-

136 3240 238 3321 λάδα,
260 3245 359 3304 τοῦτο
381 3237 443 3323 μὲν
465 3240 497 3315 ές
510 3237 674 3323 Κυρήνην
696 3237 826 3323 ἀγαλμα
842 3238 1022 3322 ἐπίχρυσον
1038 3235 1142 3325 Ἀθη-

136 3342 231 3420 ναίης
255 3338 309 3401 καὶ
331 3337 444 3402 εἰκόνα
466 3340 594 3402 ἑωυτοῦ
611 3341 724 3422 γραφῇ
747 3335 961 3422 εἰκασμένην,
983 3342 1082 3404 τούτο
1103 3340 1141 3404 δὲ

135 3444 176 3524 τῇ
191 3440 227 3503 ἐν
244 3441 356 3527 Λίνδῳ
374 3435 535 3524 ’Λθηναίη
551 3437 612 3503 δύο
630 3461 665 3502 τε
680 3433 851 3520 ἀγάλματα
865 3441 982 3502 λίθινα
997 3439 1052 3502 καλ
1065 3434 1138 3500 θω-
