2354 3840
313 201 397 258 ΗΒ.
431 199 477 257 Ν.
513 200 610 258 ΟΛΡ.
648 207 820 260 105--111.
1007 201 1066 264 341

56 360 194 426 λέονται
211 357 267 424 καί
283 360 319 425 οἰ
332 360 492 425 Βουδῖνοι
508 358 672 442 Γελωνοί,
695 354 758 424 οὐκ
780 353 893 443 ὀρθῶς
908 358 1069 447 καλεόμε-

55 480 125 525 νοι.
152 451 171 541 ἡ
187 453 223 523 δὲ
235 452 327 541 χύρη
341 455 456 540 σφέων
467 453 559 521 πᾶσά
574 456 643 522 ἐστι
659 453 760 520 δασέα
775 457 864 541 ίδησι
880 463 1065 544 παντοίῃσι.

58 560 99 626 ἐν
114 553 151 623 δὲ
164 561 204 642 τῇ
219 556 275 643 ίδη
289 561 328 642 τῇ
343 559 479 641 πλείστῃ
495 553 563 620 ἐστὶ
578 558 677 638 λίμνη
692 551 819 638 μεγάλη
842 578 876 619 τε
892 554 946 620 καί
961 551 1067 640 πολλὴ

57 655 117 723 καὶ
134 654 207 732 ἕλος
221 656 276 721 καί
291 652 439 738 κύλαμος
453 651 528 738 περί
543 648 659 738 αύτνίυ.
689 653 727 718 ἐν
743 651 898 740 δέταύτῃ
915 653 1068 738 ἐνύδριες

60 752 258 824 ἁλίσκονται
280 755 336 820 καί
359 751 519 836 κάστορες
544 752 600 818 καὶ
619 749 704 819 ἄλλα
730 757 836 836 θηρία
862 774 1071 838 τετραγωνο-

61 850 243 939 πρόσωπα,
266 858 335 919 τῶν
348 846 388 918 τὰ
405 849 550 936 δέρματα
567 851 644 937 περί
664 848 723 929 τὰς
736 851 877 938 σισύρας
892 848 1069 938 παραρρύ-

60 975 192 1036 πτεται,
215 951 271 1018 καί
286 953 320 1018 οἰ
333 947 442 1036 ὄρχιες
455 945 589 1017 αύτοῖσί
603 955 666 1017 εἰσι
680 951 837 1037 χρήσιμοι
851 953 884 1030 ἐς
899 949 1067 1038 ὑστερέων

60 1046 187 1116 όίκεσιυ.
232 1048 482 1133 Σαυροματέων
499 1044 535 1112 δὲ
551 1047 626 1131 πέρι
643 1038 707 1113 ὦδε
722 1049 859 1131 λέγεται.
884 1046 939 1115 ὅτε
948 1045 1067 1132 Ἕλλη·
1082 1065 1133 1119 llo

61 1174 118 1226 νες
137 1143 291 1232 Ἀμαζόσι
317 1147 516 1231 ἐμαχέσαντο
543 1140 615 1224 (τοίς
641 1147 677 1212 δὲ
703 1142 883 1231 Ἀμαζόνας
909 1147 1068 1214 καλεόυσι

59 1244 198 1313 Σκύθαι
215 1241 403 1330 Οἰόρπατα,
427 1242 568 1309 δύναται
591 1243 627 1310 δὲ
649 1241 686 1310 τό
712 1241 842 1330 οὕνομα
864 1251 962 1312 τοῦτο
985 1241 1068 1311 κατίι

55 1339 197 1410 Ἐλλάδα
211 1347 367 1427 γλῶσσαν
388 1335 626 1426 ἀνδροκτόνοι·
649 1336 721 1425 οἰόρ
738 1338 803 1428 γὰρ
817 1345 974 1410 καλέουσι
1010 1343 1071 1411 τόν

61 1437 185 1526 ἄνδρα,
208 1435 245 1506 τό
264 1440 300 1506 δὲ
313 1436 401 1507 πατίι
417 1438 590 1525 κτείνειν),
612 1439 687 1508 τότε
703 1441 802 1526 λόγος
818 1437 1069 1526 τούςἝλληνας

59 1537 261 1625 νικήσαντας
275 1542 315 1625 τῇ
331 1539 382 1605 έπί
394 1536 608 1623 Θερμώδοντι
620 1539 707 1626 μάχη
719 1536 912 1606 ύποπλύειν
924 1535 1069 1623 ύμοντας

58 1638 146 1721 τρισὶ
163 1640 309 1702 πλοίοισι
322 1640 391 1702 τῶν
404 1631 592 1719 Ἀμαζόνων
608 1632 688 1714 ὅσας
708 1635 867 1704 ἐδυνέατο
889 1641 1066 1722 ζωγρῆσαι,

57 1731 117 1812 τὰς
133 1736 169 1799 δὲ
185 1735 223 1799 έν
236 1739 283 1821 τῷ
298 1732 437 1816 πελάγεϊ
455 1733 655 1818 ἐπιθεμένας
673 1732 812 1815 ἐκκόψαι
833 1730 912 1812 τούς
928 1733 1063 1821 ἄνδρας.

57 1838 157 1899 πλοῖα
172 1830 209 1896 δέ
224 1826 266 1896 ού
280 1829 462 1913 γιυύσκειν
476 1826 598 1913 αύτίις,
617 1826 696 1896 οὐδὲ
712 1834 902 1914 πηδαλίοισι
916 1836 1064 1914 χρᾶσθαι

57 1924 138 1996 οὐδὲ
152 1930 283 1994 ἰστίοισι
298 1923 377 1993 οὐδὲ
393 1933 531 2015 εἰρεσίῃ·
555 1923 629 1994 ἀλλ’
648 1928 716 1994 ἐπεὶ
732 1928 892 2007 ἐξέκοψαν
907 1925 986 2004 τούς
1002 1925 1064 1993 c'c'v-

56 2030 155 2111 δρας,
178 2025 339 2108 ἐφέροντο
360 2020 445 2090 κατὰ
466 2031 555 2109 κῦμα
576 2026 632 2091 καὶ
648 2023 790 2110 ἄνεμον,
814 2027 868 2093 καί
883 2022 1065 2092 ἀπικνέον-

56 2125 181 2205 τακτῆς
197 2125 315 2205 λίμνης
329 2126 386 2206 τῆς
400 2121 587 2207 Μαιήτιδος
598 2123 650 2189 ἐπὶ
661 2121 852 2208 Κρημνούς.
876 2127 911 2190 οί
923 2121 959 2189 δὲ
975 2129 1065 2210 Κρη-

55 2228 137 2304 μνοί
155 2226 216 2288 εἰσι
236 2227 297 2306 γῆς
320 2226 377 2306 τῆς
398 2223 567 2289 Σκυθέων
587 2227 656 2288 τῶν
681 2223 880 2303 ἐλευθέρων.
916 2224 1066 2290 ἐνθαῦτα

56 2318 223 2406 ἀποβᾶσαι
239 2315 304 2384 ύπό
321 2325 392 2385 τῶν
406 2326 533 2386 πλοίων
548 2324 585 2386 αἰ
605 2317 778 2405 Ἀμαζόνες
803 2316 1011 2405 ὡδοιπόρεον
1032 2321 1065 2397 ἐς

55 2415 117 2504 τὴν
127 2419 330 2503 οἰκεομένην.
349 2419 547 2504 ἐντυχοῦσαι
559 2419 595 2485 δέ
606 2417 725 2507 προέτω
737 2422 951 2505 ίπποφορβίμ
962 2421 1061 2482 τοῦτο

54 2510 264 2600 διήρπασαν,
285 2517 340 2581 καί
361 2517 413 2582 ἐπὶ
434 2515 564 2582 τούτων
588 2514 808 2600 ἱππαζόμεναι
831 2516 997 2600 ἐληίζοντο
1019 2509 1061 2581 τοὶ

53 2617 122 2678 τῶν
139 2613 316 2680 Σκυθέων.
365 2617 409 2680 Os
429 2613 465 2680 δὲ
481 2614 618 2680 Σκύθαι
639 2609 702 2680 οὐκ
724 2610 812 2698 εἰχον
828 2615 1061 2700 συμβαλέσθαι
1079 2631 1122 2684 111

54 2707 90 2777 τό
106 2715 260 2796 πρῆγμα·
283 2710 361 2780 ούτε
372 2710 437 2799 γὰρ
452 2711 572 2800 φωνην
586 2710 664 2781 οὔτε
679 2715 804 2800 ἐσθῆτα
820 2711 897 2783 οὔτε
908 2713 945 2782 τό
959 2720 1060 2793 ἔθνος

52 2811 252 2895 ἐγίνωσκον,
283 2808 358 2879 ἀλλ’
381 2815 418 2880 ἐν
459 2810 590 2898 θώματι
623 2806 727 2902 ἦσαν,
760 2811 887 2884 ὁκόθεν
913 2819 1058 2900 ἐλθοιευ,

52 2905 190 2975 έδόκεον
206 2905 239 2975 δ’
256 2907 360 2989 αὐτὰς
374 2909 458 2979 εἰναι
470 2909 596 2999 ἄνδρας
611 2911 674 3001 τὴν
689 2909 796 3000 αὐτὴν
812 2910 946 3001 ἡλικίην
962 2916 1059 2997 έχον-

50 3031 125 3091 τας,
141 3007 251 3094 μόχην
264 3033 300 3076 τε
314 3006 354 3095 δὴ
366 3005 451 3095 πρὸς
465 3008 568 3089 αὐτὰς
582 3014 765 3079 ἐποιεῦντο.
789 3013 825 3078 ἐκ
837 3008 873 3076 δὲ
885 3015 941 3095 τῆς
952 3008 1059 3093 μα’χης

50 3111 119 3171 τῶν
139 3112 271 3192 νεκρῶν
288 3107 477 3194 ἐκρότησαν
498 3113 533 3177 οἰ
544 3110 695 3196 Σκύθαι,
719 3112 773 3176 καί
795 3107 885 3175 οὕτω
906 3112 1058 3193 ἔγνωσαν

50 3200 171 3282 ἐούσας
180 3216 352 3289 γυναῖκας.
375 3213 651 3295 βουλευομένοισι
665 3199 714 3275 τόν
724 3204 857 3275 αὐτοῖσί
866 3209 957 3286 ἔδοξε
969 3209 1057 3272 κτεί-

51 3326 123 3368 νειν
138 3301 200 3386 μὲν
215 3300 332 3371 ούδενί
346 3302 460 3394 τρόπω
476 3309 523 3372 ἔτι
534 3302 653 3390 αύτοίς,
672 3306 807 3372 ἑωυτῶν
823 3304 859 3371 δὲ
875 3300 955 3381 τούς
969 3327 1050 3369 νεω·

51 3398 170 3477 πότους
192 3397 387 3484 ἀποπέμψαι
408 3403 441 3480 ἐς
466 3399 585 3486 αύτύς,
606 3409 738 3488 πλῆθος
759 3404 953 3482 εἰκάσαντας
965 3401 1055 3469 ὅσαι-1
