2354 3840
321 213 407 269 ΗΒ.
439 214 482 268 111.
517 213 613 270 CAP.
646 218 785 274 57-·61.
1005 213 1067 275 243

57 375 113 440 καὶ
137 369 387 460 εὐδαιμόνησαν
409 367 461 438 ἐπ’
484 375 557 436 ἐτεα
582 371 698 457 πέντε,
722 369 804 439 άστε
826 371 865 439 τά
887 373 942 462 ίρά
967 374 1007 443 τά
1030 379 1067 445 ἐν

60 475 220 560 Κυδωνίη
235 469 333 539 ἐόντα
354 475 420 536 νῦν
440 459 537 534 οὗτοί
555 472 617 534 είσι
641 472 674 535 οί
693 468 908 556 ποιήσαντες,
931 474 985 539 καὶ
1005 469 1066 540 τόν

58 573 116 655 τῆς
126 567 298 653 Δικτύνης
311 565 405 653 νηόν.
426 566 509 654 ἕκτφ
524 565 560 631 δὲ
574 569 826 652 έτείΑίγινήπαι
843 564 966 646 αύτούς
980 595 1064 637 ναυ-

59 667 159 752 μαχίη
188 662 384 751 νικήσαντες
410 659 701 749 ἠνδραποδίσαντο
724 661 805 749 μετά
827 671 977 751 Κρητῶν.
1011 671 1065 735 καὶ
1124 711 1129 719 1

59 769 127 830 τῶν
139 769 227 829 νεῶν
241 767 403 846 καπρίους
419 760 583 843 ἐχουσέων
594 755 652 836 τάς
663 759 799 850 πρςόρας
810 756 1064 847 ἠκρωτηρίασαν

58 861 113 927 καὶ
129 856 297 926 ἀνέθεσαν
313 859 346 935 ἐς
357 852 393 924 τό
409 853 485 944 ίρόν
496 863 553 941 τῆς
566 852 745 942 Ἀθηναίης
759 859 795 924 ἐν
806 863 937 948 Αίγίνη.
961 869 1064 927 ταῦτα

58 956 95 1024 δὲ
112 957 272 1041 ἐποίησαν
290 960 428 1039 ἔγκοτον
443 959 573 1037 ἔχοντες
588 961 746 1040 Σαμίοισι
760 961 945 1043 Αἰγινῆται.
979 960 1065 1046 πρό-

57 1079 148 1139 τεροι
171 1049 236 1138 γάρ
261 1051 386 1137 Σάμιοι
414 1047 467 1118 ἐπ’
492 1046 730 1137 Ἀμφικράτεος
757 1053 995 1140 βασιλεύοντος
1028 1056 1071 1122 ἐν·

57 1149 165 1238 Σάμφ
181 1147 461 1235 στρατευσάμενοι
477 1144 529 1214 ἐπ’
542 1156 687 1233 Αἴγιναν
704 1148 831 1235 μεγάλα
846 1148 931 1216 κακά
950 1153 1064 1239 ἐποίη-

53 1240 123 1318 ’σαν
140 1249 321 1336 Αἰγινήτας
345 1251 399 1316 καὶ
425 1253 555 1315 ἔπαθον
578 1244 637 1314 ὑπ’
668 1248 814 1315 ἐκείνων.
850 1244 952 1335 ἡμὲν
976 1257 1061 1336 αίτίη

56 1376 151 1434 αντη.

140 1445 306 1534 Ἐμήκυνα
318 1445 354 1513 δὲ
368 1447 444 1531 περὶ
454 1450 594 1528 Σαμίων
609 1449 754 1528 μᾶλλον,
770 1439 821 1510 ὅτι
835 1462 896 1528 σφι
908 1450 981 1528 τρία
997 1446 1063 1513 ἐστὶ
1078 1464 1112 1518 60

57 1551 195 1632 μέγιστα
229 1541 389 1612 ἁπάντων
415 1538 584 1628 Ἑλλήνων
609 1542 848 1629 ἐξεργασμένα,
882 1539 1000 1628 ούρεός
1027 1570 1062 1610 τε

57 1640 191 1728 ὑψηλοῦ
221 1645 254 1721 ἐς
281 1640 489 1727 πεντήκοντα
515 1640 569 1707 καὶ
598 1636 718 1708 ἑκατόν
748 1636 907 1726 ὀργυιάς,
939 1641 1061 1708 τούτου

56 1741 190 1829 ὄρυγμα
205 1742 360 1810 κάτωθεν
374 1737 574 1828 άρξάμενον,
590 1737 808 1826 άμφίστομον.
833 1739 869 1809 τὸ
882 1744 944 1827 μὲν
958 1749 1062 1826 μήκος

55 1847 118 1907 τοῦ
133 1837 321 1926 ὀρύγματος
343 1835 423 1906 ἑπτά
439 1838 571 1906 στάδιοί
582 1845 661 1923 είσι,
683 1836 719 1905 τδ
737 1839 773 1906 δὲ
789 1838 875 1920 ύψος
890 1842 944 1906 καὶ
962 1834 1060 1922 εύρος

54 1935 142 2004 ὀκτά
158 1937 316 2022 ἑκάτερον
331 1934 440 2014 πόδες.
464 1931 518 2002 διά
534 1933 637 2002 παντό
642 1962 658 2013 ς
670 1935 706 2003 δὲ
718 1934 824 2004 αὐτοῦ
835 1935 915 2004 άλλο
928 1936 1057 2023 ὀρογμα

54 2041 247 2120 εἰκοσίπηχυ
261 2033 370 2121 βάθος
386 2030 590 2120 ὀρώρυκται,
613 2041 755 2120 τρίπουν
772 2035 807 2102 δὲ
824 2033 860 2102 τδ
879 2029 987 2123 εὖρος,
1010 2034 1055 2102 δι’

53 2126 97 2202 ού
112 2133 149 2202 τό
166 2132 259 2220 ὕδωρ
280 2130 518 2219 ὀχετευόμενον
535 2131 589 2202 διά
612 2134 774 2221 σωλήνων
791 2141 1006 2221 παραγίνεται
1025 2136 1057 2214 ἐς

51 2234 115 2324 τήν
128 2236 229 2303 πόλιν
244 2231 413 2321 ἀγόμενον
427 2231 492 2302 άπὸ
504 2235 650 2321 μεγάλης
665 2243 779 2321 πηγῆς.
804 2231 1003 2320 ἁρχιτέκτων
1022 2237 1059 2302 δὲ

55 2345 117 2406 τοῦ
145 2335 334 2422 ὀρύγματος
357 2335 480 2404 τούτου
506 2337 636 2421 ἐγένετο
665 2331 844 2421 Μεγαρεύς
869 2331 1059 2413 Εὐπαλῖνος

53 2433 295 2520 Ναυστρόφου.
325 2439 424 2500 τούτο
444 2433 507 2519 μὲν
522 2430 562 2518 δή
579 2437 616 2499 ἓν
633 2440 700 2500 τῶν
716 2439 820 2519 τριῶν
841 2434 924 2517 ἐστὶ,
943 2430 1057 2498 δεύτε-

53 2558 118 2619 ρον
128 2532 165 2599 δέ
175 2534 250 2617 περὶ
261 2533 379 2617 λιμένα
388 2539 481 2618 χῶμα
493 2534 529 2599 ἐν
542 2531 714 2619 θαλάσση,
730 2530 838 2618 βάθος
854 2527 936 2598 κατά
953 2539 1056 2597 είκοσι

53 2629 237 2719 ὀργυιέων,
258 2637 362 2717 μῆκος
385 2629 421 2698 δέ
441 2635 503 2697 τοῦ
525 2630 675 2715 χείματος
695 2633 792 2716 μέζον
818 2629 880 2697 δύο
900 2631 1053 2699 σταδίων.

51 2735 166 2815 τρίτον
188 2731 226 2795 δέ
243 2748 304 2813 σφι
326 2730 514 2814 ἐξέργασται
536 2726 616 2814 νηδς
633 2730 785 2813 μέγιστος
805 2727 942 2797 πάντων
963 2734 1056 2812 νηῶν

51 2837 120 2898 τῶν
140 2827 234 2915 ἡμεῖς
250 2833 362 2915 ίδμεν,
383 2835 444 2895 τοῦ
465 2825 666 2914 άρχιτέκτων
683 2836 813 2915 πρῶτος
831 2831 959 2913 ἐγένετο
972 2823 1048 2892 Ῥοί-

51 2957 111 3009 κος
133 2937 242 2999 Φίλεω
268 2927 449 3015 ἐπιχώριος.
482 2927 611 2994 τούτων
630 2930 758 2994 εἵνεκεν
778 2925 906 3012 μᾶλλόν
926 2950 957 2990 τι
978 2925 1054 3005 περὶ

50 3035 193 3115 Σαμίων
208 3027 365 3115 ἐμήκυνα.

136 3128 302 3215 Καμβύση
320 3129 355 3194 δὲ
376 3133 422 3215 τῷ
438 3127 558 3213 Κύρου
577 3133 760 3216 χρονίζοντι
781 3125 856 3206 περὶ
879 3131 1053 3207 Αίγοπτον
1070 3145 1100 3200 61

51 3231 107 3297 καὶ
134 3225 434 3313 παραφρονήσαντι
458 3228 686 3294 ἐπανιστέαται
715 3221 834 3308 ἄνδρες
860 3218 961 3305 μάγοι
989 3218 1051 3286 δύο

51 3317 225 3412 άδελφεοί,
247 3332 315 3392 τῶν
329 3323 388 3392 τὸν
403 3327 518 3411 ἕτερον
533 3328 765 3392 καταλελοίπεε
778 3324 846 3386 τῶν
861 3323 975 3385 οίκίων
992 3345 1053 3404 με-

50 3421 203 3494 λεδωνὸν
217 3419 236 3490 ὁ
251 3422 434 3511 Καμβύσης
473 3414 571 3501 οὗτος
586 3419 626 3504 δή
645 3412 693 3486 τόν
708 3424 741 3487 οί
755 3420 916 3570 ἐπανέῙσότη
931 3415 1054 3502 μαθύν
