2354 3840
326 109 411 167 ΗΒ.
443 110 463 166 l.
499 108 598 167 ΟΑΡ.
633 114 808 171 194—198.
1012 103 1072 170 105

60 265 243 359 βάλλοντες
254 267 420 357 ἀλλήλους
430 258 611 348 ἐξωνέοντο
623 263 683 347 τάς
693 267 986 356 καλλιστευούσας,
998 265 1072 337 ὅσοι

61 372 99 440 δέ
108 376 173 440 τοῦ
182 368 294 460 δήμου
310 377 411 440 ἐσκον
422 372 594 456 ἐπίγαμοι,
617 360 712 440 οὗτοι
725 369 761 439 δέ
773 374 879 450 εἴδεος
896 373 959 458 μέν
969 368 1072 438 οὐδὲν

61 469 196 538 ἐδέοντο
207 475 370 555 χρηστοῦ,
388 473 422 539 ολ
431 464 463 536 δ’
476 462 522 535 ἀν
531 466 683 554 χρήματά
693 493 730 538 τε
740 468 795 538 καί
805 474 974 556 αἰσχίονας
984 493 1069 555 παρ-

60 564 398 653 θένονςέλάμβανον.
423 561 468 644 ἀς
477 560 921 653 γάρδήδιεξέλθοιόκήρυξ
932 566 1071 634 πωλέων

59 660 368 744 τάςίἀειδεστάτας
384 671 454 734 τῶν
470 664 671 751 παρθένων,
693 668 811 749 ἀνίστη
828 660 873 732 ἀν
890 662 954 751 τήν
964 660 1072 752 ἀμορ·

60 761 233 850 φεστάτην
251 758 275 851 ἢ
292 772 326 832 ελ
337 789 388 842 τις
404 758 535 830 αὐτέων
546 766 693 848 ἔμπηρος
701 755 762 849 ἦν,
785 765 841 831 καί
851 762 978 850 ταύτην
992 759 1073 830 ἀνε-

58 861 227 950 κήρυσσε,
250 858 341 939 ὅστις
354 861 466 929 ἐθέλοι
485 859 660 947 ἐλάχιστον
669 866 811 948 χρυσίον
821 859 937 949 λαβάν
954 880 1072 930 συνοι-

16 1048 21 1057 .
58 956 265 1048 κέειναάτῇ,
289 958 323 1037 ἐς
341 953 360 1025 ὃ
375 962 422 1046 τῷ
438 953 476 1023 τὸ
488 955 662 1042 ἐλάγιστον
678 954 893 1051 ὑπισταμένῳ
911 960 1073 1045 προσεκέ-

60 1082 133 1127 ετο·
171 1052 209 1125 τό
241 1054 279 1124 δέ
312 1050 357 1123 ἀν
388 1060 529 1142 χρυσίον
556 1057 690 1142 ἐγίνετο,
719 1053 786 1126 ἀπὸ
821 1063 890 1125 τῶν
916 1054 1073 1127 εὐειδέων

59 1155 261 1243 παρθένων,
291 1155 348 1221 καί
368 1148 458 1220 οὕτω
485 1157 522 1219 ac
541 1150 708 1242 εὔμορφοι
735 1151 794 1233 τάς
821 1151 997 1241 ἀμόρφους
1017 1155 1072 1222 καί

60 1250 232 1340 ἐμπήρους
253 1252 453 1331 ἐξεδίδοσαν.
484 1251 644 1319 ἐκδοῦναι
670 1250 706 1318 δέ
727 1247 790 1337 τήν
811 1255 939 1320 ἐαυτοῦ
958 1263 1071 1337 θυγα-

59 1352 156 1437 τέρα,
189 1347 272 1439 ἀτεφ
294 1347 458 1435 ,βούλοιτο
486 1349 641 1434 ἕκαστος,
674 1343 738 1415 οὐκ
759 1349 852 1436 ἐξῆν,
885 1344 965 1417 οὐδὲ
987 1345 1071 1417 ἀνευ

59 1448 228 1535 ἐγγυητέω
244 1441 479 1531 ἀπαγαγέσθαι
494 1440 558 1531 τήν.
575 1446 751 1532 παρθένον
766 1446 970 1534 πριάμενον,
993 1442 1068 1514 ἀλλ’

59 1539 223 1632 ἐγγυητὰς
239 1547 323 1629 χρῆν
340 1540 591 1628 καταστήσαντα
613 1535 638 1628 ή
654 1538 723 1629 μήν
740 1542 957 1632 συνοικήσειν
974 1540 1069 1633 αὐτῇ,

60 1642 151 1712 οὕτω
172 1639 379 1737 ἀπάγεσθαι·
402 1645 433 1708 ελ
451 1637 488 1707 δέ
505 1635 550 1725 μή
563 1646 809 1727 συμφεροίατο,
833 1638 1017 1729 ἀποφέρειν
1031 1641 1069 1709 τὰ

59 1746 201 1828 χρυσίου
221 1738 329 1807 ἐκέετο
353 1735 465 1824 νόμος.
499 1740 576 1823 ἐξῆν
598 1735 635 1804 δέ
656 1740 712 1807 καί
739 1740 773 1819 ἐξ
794 1736 896 1826 ἀλλης
925 1739 1070 1809 ἐλθόντα

58 1838 175 1926 κόμης
191 1831 253 1903 τόν
267 1833 480 1922 βουλόμενον
498 1830 673 1904 ἀνίεσθαι.
698 1830 717 1903 ὁ
732 1836 796 1921 μέν
813 1862 879 1904 νυν
896 1835 1071 1929 κάλλιστος

58 1936 166 2023 νόμος
187 1924 286 2011 οὗτός
309 1950 371 2018 σφι
392 1924 455 2019 ήν,
478 1927 521 1999 οὐ
541 1933 656 2018 μέντοι
673 1938 739 1998 νῦν
757 1958 796 2019 γε
815 1939 976 2004 διετέλεσε
995 1931 1072 2020 ἐάν,

59 2029 144 2101 ἀλλο
157 2031 235 2099 δέτι
247 2027 445 2117 ἐξευρήκασι
462 2031 581 2097 νεωστί
599 2029 777 2114 γενέσθαι,
797 2027 911 2119 ἵναμή
923 2026 1071 2099 ἀδικοῖεν

59 2125 165 2208 αάτάς
174 2125 253 2216 μηδ’
267 2129 301 2206 ἐς
311 2127 429 2214 ἑτέρην
439 2125 541 2195 πόλιν
551 2122 707 2213 ἀγωνται.
736 2127 844 2193 ἐπείτε
855 2124 921 2214 γάρ
932 2125 1071 2207 ἀλόντες

60 2226 284 2314 ἐκακώθησαν
304 2226 360 2294 καὶ
381 2224 702 2316 οἰκοφθορήθησαν,
724 2232 790 2304 πᾶς
811 2252 861 2305 τις
881 2233 943 2294 τοῦ
961 2225 1070 2314 δήμου

59 2338 138 2418 βίον
149 2332 317 2407 σπανίζων
328 2322 572 2413 καταπορνεύει
583 2321 623 2390 τά
634 2323 744 2410 θήλεα
754 2327 863 2392 τέκνα.
900 2327 1071 2412 Δεύτερος
1083 2342 1131 2400 1⁹²

59 2430 96 2496 δέ
113 2433 216 2515 σοφίη
232 2422 291 2494 ὅδε
306 2420 406 2501 ἀλλος
417 2442 479 2508 σφι
495 2419 600 2507 νόμος
611 2423 798 2508 κατέστηκε.
821 2419 901 2501 τοάς
919 2421 1070 2508 κάμνον·

58 2549 118 2604 τας
139 2524 173 2604 ἐς
192 2519 255 2610 τήν
277 2515 406 2608 ἀγορήν
422 2519 641 2606 ἐκφορέουσι·
664 2515 782 2606 οάγάρ
800 2516 841 2604 δή
851 2522 1070 2606 χρέονταιίη-

57 2639 182 2710 τροῑσι·
204 2621 402 2709 προσιόντες
419 2612 470 2687 ὦν
487 2615 573 2707 πρὸς
588 2614 649 2686 τόν
664 2618 837 2704 κάμνοντα
855 2619 1070 2707 συμβουλεύ-

58 2745 137 2793 ονοι
157 2724 235 2809 περὶ
252 2727 311 2808 τῆς
327 2718 473 2806 νούσου,
496 2729 529 2788 εἰ
546 2744 598 2797 τις
615 2720 672 2787 καί
687 2714 789 2798 αὐτὸς
804 2726 938 2788 τοιοῦτο
963 2724 1069 2787 ἔπαθε

56 2822 173 2895 ὁκοῖον
198 2817 303 2908 ἐχειὸ
330 2819 471 2905 κάμνων
496 2813 520 2904 ἢ
540 2816 645 2901 ἀλλον
668 2815 734 2885 εἶδε
756 2816 931 2886 παθόντα·
963 2823 1067 2883 ταῦτα

41 2915 254 3008 προσιόντες
276 2915 548 3008 συμβουλεύουσι
564 2917 619 2982 καὶ
636 2917 873 3001 παραινέουσι,
894 2912 981 2982 ἅσσα
1004 2911 1069 2982 αὐ-

54 3017 112 3098 τὸς
123 3013 265 3103 ποιήσας
282 3016 423 3101 ἐξέφυγε
438 3008 560 3100 ὁμοίην
577 3019 705 3081 νοῦσον
722 3006 744 3099 ή
764 3010 868 3080 ἀλλον
884 3010 950 3079 εἶδε
961 3015 1068 3099 ἐκφυ-

56 3114 170 3202 γόντα.
194 3111 550 3201 σιγήδέπαρεξελθείν
562 3107 624 3178 τὸν
641 3108 814 3197 κάμνοντα
826 3107 869 3176 οά
879 3128 941 3196 σφι
952 3114 1067 3194 ἐξεστι,

54 3215 138 3302 πρίν
158 3205 203 3279 ἀν
226 3212 413 3298 ἐπείρηται,
433 3206 554 3296 ἥντινα
565 3214 694 3276 νοῦσον
705 3212 779 3293 ἔχει.
827 3209 938 3293 Ταφαλ
954 3208 994 3275 δέ
1007 3226 1068 3293 σφι
1080 3217 1131 3273 198

55 3313 93 3380 ἐν
114 3310 241 3398 μέλιτι,
272 3312 399 3396 θρῆνοι
421 3307 458 3376 δέ
478 3305 707 3392 παραπλήσιοι
728 3319 813 3373 τοῖσι
837 3306 875 3372 εὐ
896 3304 1066 3395 Αίγύπτφ.
