2354 3840
87 199 129 265 80
464 204 712 263 HERODOTl

88 383 151 433 σαν
168 364 204 434 δὲ
217 369 274 434 καί
292 370 326 433 οἰ
340 373 499 450 καθαράς
512 363 689 450 γεγονότες
706 362 837 441 Ἴωνες·
866 367 928 433 εἰσί
949 364 986 433 δὲ
1005 364 1088 434 πάν·

87 462 274 549 τεςἼωνες,
296 461 370 531 ὅσοι
391 457 444 530 ἀπ’
456 460 627 547 Ἀθηνίων
646 458 806 547 γεγόνασι
819 461 875 528 καὶ
891 458 1089 549 Ἀπατούρια

88 560 208 648 άγουσι
222 557 334 647 ὁρτήν.
359 559 480 646 άγουσι
495 560 531 628 δὲ
542 559 665 637 πάντες
678 556 767 644 πλήν
777 555 939 644 Ἐφεσίων
952 560 1012 628 καὶ
1024 566 1088 627 Κο-

86 665 282 744 λοφωνίων·
312 650 408 726 οὗτοι
422 655 488 745 γάρ
502 664 624 744 μοῦνοι
637 655 760 725 Ἰάνων
782 651 845 723 ούκ
859 653 982 742 άγουσι
992 654 1089 725 Ἀπο-

37 763 71 818 48
87 756 224 841 τούρια,
258 759 313 823 καί
338 748 433 823 οὗτοι
464 754 548 825 κατά
573 754 685 842 φόνου
701 751 776 822 τινὰ
798 762 932 841 σκῆψιν.
981 754 1030 825 Τό
1056 752 1088 823 ἰλ

88 853 284 923 Πανιιόνιόν
298 856 367 922 ἐστι
381 861 439 941 τῆς
458 853 625 940 Μυκάλης
637 859 745 939 χῶρος
757 850 846 939 ίρός,
868 851 953 942 πρός
967 851 1088 942 άρκτοκ

88 955 326 1042 τετραμμένος,
352 962 450 1044 κοινή
469 954 726 1044 ἐξαραιρημένος
746 952 809 1021 ὑπ’
830 951 954 1023 Ἰύνωυ
969 961 1088 1023 Ποσει·

89 1053 189 1123 δὲοινι
199 1051 395 1144 Ἑλικωνίῳ·
420 1050 441 1140 ή
463 1052 500 1122 δὲ
514 1051 663 1137 Μυκάλη
685 1054 752 1119 ἐστὶ
771 1059 829 1139 τής
848 1050 992 1143 ήπείρου
1007 1050 1087 1139 ἄκρη

88 1149 172 1237 πρὸς
192 1153 337 1239 ζέφυρον
356 1151 483 1240 άνεμον
503 1153 694 1240 κατήκουσα
713 1151 839 1244 Σάμφ,
867 1155 901 1233 ἐς
925 1150 991 1240 τήν
1011 1158 1087 1221 συλ-

87 1251 263 1338 λεγόμενοι
284 1250 349 1321 ύπό
374 1260 442 1321 τῶν
462 1259 590 1321 πολίων
604 1251 719 1331 Ἴωνες
740 1251 884 1339 άγεσκον
904 1250 1027 1341 ὁρτήν,
1051 1256 1085 1339 τῇ

88 1357 207 1419 ἔθεντο
222 1348 352 1436 ούνομα
365 1352 550 1420 Πανιιόνια.
567 1350 770 1442 [πεπόνθασι
783 1349 820 1418 δὲ
833 1348 907 1419 ούτι
918 1350 1086 1437 μοῦναιιύ

83 1445 208 1516 Ἰόνιον
222 1444 316 1535 δρταί
329 1458 439 1537 τοῦτο,
455 1448 539 1519 ἀλλὰ
552 1452 608 1518 καλ
621 1447 791 1537 Ἑλλήνων
811 1449 950 1519 πάντων
969 1446 1083 1537 ὁμοίως

88 1554 192 1613 πᾶσαι
206 1548 239 1624 ἐς
253 1543 362 1614 τώυτό
375 1549 512 1635 γράμμα
526 1556 720 1634 τελευτῶσι,
748 1547 896 1633 κατάπερ
917 1552 989 1615 τῶν
1001 1552 1082 1633 Περ-

88 1645 176 1710 σέων
189 1642 230 1712 τά
246 1642 438 1736 ούνόματα],

38 1759 72 1813 49
174 1735 282 1810 Αύται
302 1744 363 1828 μὲν
384 1750 420 1813 οἰ
436 1743 536 1824 Ἰάδες
555 1747 668 1825 πόλιές
688 1751 766 1831 εἰσι,
788 1749 861 1813 αἵδε
876 1744 913 1813 δὲ
926 1747 964 1813 αί
974 1748 1081 1813 Αἰολί-

71 1844 161 1935 δες,
183 1841 282 1926 Κύμη
298 1837 318 1928 ἡ
334 1845 500 1926 Φρικωνὶς
514 1846 714 1931 καλεομένη,
728 1844 888 1931 Λήρισαι,
909 1842 1006 1914 Νέου
1023 1852 1079 1911 τιλ-

88 1962 161 2022 χος,
191 1945 340 2024 Τῆμνος,
372 1947 494 2028 Κίλλα,
525 1942 671 2029 Νότιον,
696 1942 916 2027 Αἰγιρόεσσα,
947 1940 1078 2027 Πιτάνη,

89 2039 242 2120 Αἰγαῖαι,
269 2036 427 2124 Μύρινα,
453 2039 617 2124 Γρύνεια·
664 2034 762 2107 αὗται
793 2043 912 2108 ἕνδεκα
938 2036 1079 2109 Αίολέυν

89 2131 203 2210 πόλιες
223 2137 261 2200 αί
274 2131 423 2221 ἀρχαῖαι·
452 2143 511 2221 μία
532 2138 597 2226 γάρ
618 2158 733 2225 σφεων
747 2136 925 2222 παρελύθη
938 2132 1007 2205 ύπδ
1019 2132 1079 2206 ’Io'-

89 2256 169 2310 νων,
181 2230 342 2318 Σμύρνη·
381 2227 469 2320 ἦσαν
488 2235 553 2324 γάρ
575 2241 630 2306 καί
650 2230 749 2305 αύτοιι
770 2236 924 2307 δυώδεκα
944 2241 983 2305 πί
1000 2239 1079 2323 λαιῇ

88 2325 224 2419 ήπείρφ.
256 2323 351 2399 οὗτοι
374 2335 411 2400 δὲ
426 2340 460 2402 οἰ
470 2338 606 2415 Αἰολέες
618 2337 731 2423 χύρην
745 2337 807 2423 μὲν
821 2341 940 2421 ἔτυχον
952 2341 1078 2405 κτίσαι-
1110 2344 1113 2349 “

88 2451 142 2503 τες
167 2424 293 2513 άμείνω
314 2427 453 2518 Ἰώνων,
487 2431 602 2520 ὡρέων
628 2438 665 2502 δὲ
691 2434 843 2521 ἥκουσαν
868 2430 931 2502 ούκ
956 2429 1071 2521 ὁμοίως
1114 2467 1118 2488 ⁴

37 2547 72 2599 50
88 2522 253 2613 Σμύρνην
268 2529 304 2595 δε
320 2520 386 2597 όδε
400 2528 570 2619 ἀπέβαλον
582 2536 734 2612 Αἰολέες·
772 2537 1016 2618 Κολοφωνίους
1027 2528 1078 2599 άν-

89 2627 169 2709 δρας
183 2624 280 2693 στάσι
294 2629 502 2709 ἑσσωθέντας
516 2635 571 2699 καί
586 2631 785 2710 ἐκπεσόντας
801 2634 838 2699 ἐκ
858 2636 915 2718 τῆς
931 2632 1081 2715 πατρίδος

87 2719 298 2804 ὑπεδέξαντο.
329 2726 411 2812 μετά
429 2731 464 2797 δὲ
482 2737 516 2800 οἰ
530 2733 679 2819 φυγάδες
693 2739 1081 2819 τῶνΚολοφωνίωνφυ·
1113 2742 1118 2776 ³

87 2819 245 2900 λᾶξαντὸς
265 2821 343 2901 τούς
358 2834 576 2912 Σμυρναίους
596 2830 700 2919 ὁρτήν
714 2838 775 2912 ἔξω
796 2836 1082 2921 τείχεοςποιιυμό-

87 2941 169 2996 νους
178 2920 349 3011 Διονύσῳ,
364 2921 423 3002 τάς
437 2926 545 3007 πύλας
559 2927 821 3017 ἀποκληίσαντες
835 2937 934 3019 ἔσχον
946 2932 1012 3021 τήν
1024 2930 1082 3001 πό-

88 3029 152 3087 λιν.
181 3023 427 3109 βοηθησάντων
441 3028 477 3097 δὲ
499 3031 637 3099 πάντων
651 3039 802 3102 Αἰολέων
815 3030 979 3123 ὁμολογίῃ
992 3030 1083 3123 ἐχρή-
1114 3028 1124 3109 ἶ.

89 3136 207 3204 σαντο,
240 3119 281 3187 τά
313 3128 434 3194 ἔπιπλα
465 3125 663 3197 ἀποδόντων
692 3138 760 3198 τῶν
786 3129 909 3199 Ἰάνων
940 3134 1083 3201 ἐκλιπεῖν
1122 3172 1124 3219 i

88 3217 253 3306 Σμύρνην
272 3227 421 3304 Αἰολέας.
462 3228 676 3314 ποιησάντων
701 3229 738 3299 δε
757 3236 862 3298 ταῦτα
881 3234 1083 3318 Σμυρναία*
1122 3224 1124 3229 ’

87 3318 307 3390 ἐπιδιείλοντό
337 3343 441 3410 σφεας
465 3332 501 3396 αλ
525 3333 645 3400 ἕνδεκα
668 3331 783 3412 πόλιες
808 3335 864 3401 καλ
888 3333 1122 3423 ἑτιοιήσοτιτο’“Ι

36 3432 65 3486 51
86 3419 199 3502 σφέων
214 3416 344 3487 αύτέων
365 3425 532 3512 πολιήτας.
577 3423 686 3499 Αύται
703 3435 765 3517 μέν
780 3458 845 3499 νυν
861 3436 899 3501 αί
908 3430 1083 3523 ήπειροότι-
1120 3463 1124 3531 ῑ
