2354 3840
130 159 170 222 72
508 161 760 219 HERODOTI

129 319 264 408 παύθη,
307 323 423 404 Μῆδοι
442 321 478 385 δὲ
499 315 678 398 ὑπέκυψαν
691 321 841 405 Πέρσησι
862 314 918 384 διά
932 314 996 403 τήν
1010 316 1128 387 τούτου

129 415 327 502 πικρότητα,
354 414 512 500 ἄρξαντες
535 421 593 501 τῆς
617 413 689 482 άναι
713 413 834 494 ’Ἀλυος
854 420 1007 499 ποταμοῦ
1025 410 1128 499 Ἀσίης

128 513 181 582 ἐπ’
208 519 281 581 ἔτεα
304 513 484 600 τριήκοντα
505 514 560 580 καλ
580 511 700 580 έκκτδν
720 517 813 580 δυῶν
828 517 967 598 δέοντα,
992 504 1128 598 παρδξῆ

128 608 211 679 ὅσον
231 616 265 679 οί
276 610 414 680 Σκύθαι
434 604 547 697 ήρχον.
588 609 716 700 ὐστέρφ
736 613 851 696 μέντοι
864 607 975 698 χρόνῳ
995 606 1129 693 μετεμέ-

128 713 208 796 λησέ
226 714 263 777 τέ
285 730 347 797 σφι
367 718 471 779 ταῦτα
491 709 670 797 ποιήσασι,
696 712 752 778 καλ
771 707 961 794 ἀπέστησαν
974 701 1043 774 άπδ
1059 716 1129 775 Δα-

128 816 238 892 ρείου·
266 805 471 885 ἀποστάντες
485 807 522 875 δέ
537 805 643 893 ὐπίσοι
657 804 962 891 κατεστράφθησαν
975 800 1067 889 μάχη
1080 828 1128 869 νι-

127 908 296 990 κηθέντες.
336 903 411 973 τότε
436 907 473 971 δὲ
498 904 549 972 ἐπ’
567 902 764 988 Ἀστυάγεος
779 909 813 972 ολ
825 907 954 989 Πέρσαι
977 925 1014 968 τε
1038 899 1096 967 καὶ
1111 894 1132 969 δ.

131 1009 240 1088 Κύρος
261 1001 505 1080 ἐπαναστάντες
524 1016 610 1069 τοῖσι
624 1001 775 1087 Μήδοισι
788 995 894 1088 ήρχον
914 997 952 1066 τδ
967 993 1036 1066 άπὸ
1051 994 1129 1065 τού-

127 1124 188 1167 του
202 1107 259 1185 τῆς
270 1098 385 1186 Ἀσίης.
430 1097 613 1185 Ἀστυάγεα
629 1099 665 1167 δέ
679 1104 793 1183 Κῦρος
808 1094 915 1165 κακόν
931 1094 1036 1163 οὐδέν
1050 1090 1128 1163 ἄλλο

127 1197 268 1286 ποιήσας
293 1195 357 1283 εἶχε
376 1195 457 1283 παρ’
485 1198 615 1286 ἑωυτῷ,
642 1192 709 1273 έςδ
730 1194 930 1280 ἐτελεύτησε.
974 1189 1067 1260 οὕτω
1090 1187 1128 1278 δή

128 1304 241 1381 Κῦρος
257 1294 439 1382 γενόμενός
452 1320 487 1362 τε
509 1297 564 1361 καὶ
579 1296 715 1380 τραφεὶς
732 1293 941 1379 ἐβασίλευσε,
956 1292 1012 1358 καὶ
1027 1297 1126 1379 Κροῖ-
1168 1352 1170 1381 ÷

128 1415 189 1462 σον
204 1393 347 1479 ὕστερον
361 1392 491 1459 τούτων
505 1391 651 1476 άρξαντα
666 1387 796 1475 άδικίης
810 1389 1072 1473 κατεστρέψατο,
1088 1384 1128 1467 (ὃς
1168 1388 1170 1401 '

129 1496 258 1575 είρηταί
306 1513 360 1573 μοι
395 1482 568 1573 πρότερον.
630 1493 752 1554 τοῦτον
768 1487 804 1554 δέ
819 1483 1129 1570 καταστρεψάμενος

129 1587 217 1656 ούτω
232 1587 339 1674 πάσης
351 1595 408 1675 τῆς
422 1586 529 1675 Ἀσίης
542 1581 630 1676 ήρξε.

61 1706 107 1759 131
211 1693 398 1754 ΠΕΡΣΑΣ
418 1688 454 1754 δὲ
475 1685 548 1755 οἶδα
569 1686 704 1772 νόμοισι
731 1687 890 1752 τοιοισίδε
911 1685 1129 1768 χρεομένους·

127 1785 299 1873 άγάλματα
329 1788 391 1870 μέν
422 1788 477 1853 καὶ
507 1782 611 1872 νηούς
644 1785 699 1851 καὶ
724 1779 859 1869 βωμούς
883 1778 947 1849 οὐκ
971 1782 1009 1848 έν
1037 1778 1130 1870 νόμμ

126 1885 348 1967 ποιευμένους
360 1882 556 1969 ἱδρύεσθαι,
579 1878 662 1950 άλλά
684 1882 740 1948 καὶ
753 1893 839 1947 τοῖσι
853 1884 987 1946 ποιεῦσι
1000 1883 1129 1965 μωρίην

127 1983 340 2066 ἐπιφέρουσι,
367 1977 411 2057 ὡς
434 1984 496 2067 μὲν
521 1981 593 2066 ἐμοὶ
618 1983 764 2063 δοκέειν,
791 1975 842 2044 ὅτι
863 1972 927 2042 οὐκ
946 1971 1130 2060 ἄνθρωπο-

127 2081 233 2163 φυέας
248 2076 408 2162 ἐνόμισαν
421 2077 500 2158 τούς
513 2076 618 2156 θεούς
632 2076 716 2145 κατά
731 2100 793 2161 περ
808 2080 842 2143 οί
859 2073 1017 2160 ’Έλληνες
1035 2071 1127 2142 εἶναι

109 2234 112 2238 .
128 2177 161 2241 οἱ
180 2173 216 2239 δὲ
236 2179 408 2257 νομίζουσι
421 2175 481 2242 Aa
503 2175 565 2260 μέν
579 2175 632 2241 ἐπὶ
651 2170 692 2240 τά
708 2170 902 2259 ὑψηλότατα
915 2176 985 2237 τῶν
1001 2166 1129 2256 οὐρέων

127 2266 367 2353 ἀναβαίνοντες
393 2278 517 2349 θυσίας
542 2273 671 2358 ἕρδειν,
697 2267 758 2336 τὸν
782 2269 910 2336 κύκλον
936 2266 1048 2335 πάντα
1071 2274 1128 2335 τοῦ

126 2363 276 2451 οὐρανοῦ
289 2372 357 2434 Διά
372 2370 554 2447 καλέοντες.
576 2368 718 2448 θύουσι
732 2369 769 2434 δὲ
786 2364 868 2456 ήλίφ
881 2391 918 2433 τε
932 2367 988 2433 καὶ
1007 2364 1128 2452 σελήνη

126 2466 181 2530 καλ
200 2470 243 2551 μή
264 2466 319 2531 καὶ
338 2467 419 2549 πυρὶ
440 2469 500 2534 καὶ,
513 2463 611 2532 ὐδατι
627 2466 682 2531 καὶ
702 2461 863 2548 άνέμοισι.
905 2461 1056 2530 τούτοισι
1069 2463 1126 2548 μὲν

126 2557 166 2645 δή
182 2561 338 2644 μούνοισι
353 2560 480 2630 θύουσι
496 2559 663 2649 ἀρχῆθεν,
686 2560 954 2649 ἐπιμεμαθήκασι
969 2564 1007 2630 δὲ
1020 2564 1127 2649 καύτή

128 2653 280 2744 Οὐρανίη
294 2657 413 2744 θύειν,
429 2658 520 2743 παρά
535 2685 571 2726 τε
583 2656 769 2742 Ἀσσυρίων
782 2657 952 2745 μαθόντες
965 2661 1022 2726 καλ
1031 2656 1127 2744 Ἀρατ

124 2761 218 2841 βίων.
256 2757 414 2822 καλέουσι
432 2757 468 2822 δὲ
481 2753 650 2842 Ἀσσύριοι
664 2754 727 2842 τήν
745 2754 946 2842 Ἀφροδίτην
961 2755 1126 2841 Μύλιττα,

60 2854 109 2910 1³2
122 2849 270 2937 Ἀράβιοι
287 2852 323 2917 δὲ
344 2847 482 2938 Ἀλιλάτ,
494 2855 622 2938 Πέρσαι
637 2853 674 2922 δέ
688 2861 833 2942 Μίτραν.
870 2859 978 2939 Θυσίη
994 2855 1031 2921 δὲ
1045 2866 1127 2922 τοῖσι

125 2953 273 3036 Πέρσησι
298 2951 373 3035 περὶ
398 2947 477 3029 τούς
501 2955 697 3038 εἰρημένους
720 2949 825 3030 θεούς
848 2949 909 3039 ήδε
939 2954 1124 3039 κατέστηκε.

127 3044 203 3112 οὐτε
223 3041 357 3130 βωμούς
376 3053 550 3114 ποιεῦνται
564 3045 642 3115 οὐτε
655 3054 724 3135 πῦρ
740 3044 940 3116 άνακαίουσι
954 3051 1127 3134 μέλλοντες

125 3141 236 3209 θύειν.
279 3139 320 3210 οὐ
342 3149 471 3234 σπονδῇ
490 3150 661 3233 χρέονται,
687 3143 762 3214 οὐκὶ
777 3142 888 3236 αὐλῷ,
914 3143 956 3212 οὐ
969 3148 1127 3233 πέμμασι,

125 3237 201 3307 οὐκὶ
216 3237 342 3329 οὐλῇσι.
377 3249 446 3311 τῶν
461 3247 497 3313 δέ
512 3243 556 3323 ὡς
571 3244 697 3334 ἑκάστῳ
711 3244 814 3312 θύειν
828 3246 939 3333 έθέλη,
973 3246 1006 3323 ἐς
1019 3250 1128 3331 χοῖρον

125 3333 280 3417 καθαρόν
300 3333 436 3422 ἄμαχόν
451 3336 488 3406 τό
504 3347 623 3426 κτῆνος
637 3342 747 3407 καλέει
762 3336 922 3407 τὸνθεόν
937 3342 1128 3426 ἐστεφανο-
