<?xml version="1.0" encoding="UTF-8"?>
<!DOCTYPE html PUBLIC "-//W3C//DTD XHTML 1.0 Transitional//EN"
    "http://www.w3.org/TR/xhtml1/DTD/xhtml1-transitional.dtd">
<html xmlns="http://www.w3.org/1999/xhtml" xml:lang="en" lang="en">
 <head>
  <title>
</title>
<meta http-equiv="Content-Type" content="text/html;charset=utf-8" />
  <meta name='ocr-system' content='tesseract 3.04.00' />
  <meta name='ocr-capabilities' content='ocr_page ocr_carea ocr_par ocr_line ocrx_word'/>
</head>
<body>
  <div class='ocr_page' id='page_1' title='image "./herodotihistori03herogoog_0281.png"; bbox 0 0 2354 3840; ppageno 0'>
   <div class='ocr_carea' id='block_1_1' title="bbox 138 205 765 271">
    <p class='ocr_par' dir='ltr' id='par_1_1' title="bbox 138 205 765 271">
     <span class='ocr_line' id='line_1_1' title="bbox 138 205 765 271; baseline -0.011 0"><span class='ocrx_word' id='word_1_1' title='bbox 138 205 201 271; x_wconf 71' lang='lat'><strong><em>256</em></strong></span> <span class='ocrx_word' id='word_1_2' title='bbox 514 208 765 266; x_wconf 85' lang='lat' dir='ltr'>HERODOTI</span> 
     </span>
    </p>
   </div>
   <div class='ocr_carea' id='block_1_2' title="bbox 16 361 1171 3510">
    <p class='ocr_par' dir='ltr' id='par_1_2' title="bbox 16 361 1171 3510">
     <span class='ocr_line' id='line_1_2' title="bbox 137 361 1134 456; baseline -0.005 -20"><span class='ocrx_word' id='word_1_3' title='bbox 137 394 203 456; x_wconf 87' lang='grc' dir='ltr'><strong><em>γαρ</em></strong></span> <span class='ocrx_word' id='word_1_4' title='bbox 219 366 298 455; x_wconf 87' lang='grc' dir='ltr'><strong><em>ύβρι</em></strong></span> <span class='ocrx_word' id='word_1_5' title='bbox 313 365 536 452; x_wconf 79' lang='grc' dir='ltr'><strong><em>κεκορημένος</em></strong></span> <span class='ocrx_word' id='word_1_6' title='bbox 550 367 639 453; x_wconf 76' lang='grc' dir='ltr'><strong><em>ἔρδει</em></strong></span> <span class='ocrx_word' id='word_1_7' title='bbox 654 361 760 434; x_wconf 82' lang='grc' dir='ltr'><strong><em>πολλά</em></strong></span> <span class='ocrx_word' id='word_1_8' title='bbox 777 366 833 433; x_wconf 86' lang='grc' dir='ltr'><strong><em>καλ</em></strong></span> <span class='ocrx_word' id='word_1_9' title='bbox 849 361 1037 450; x_wconf 79' lang='grc' dir='ltr'><strong><em>ἀτάσθαλα,</em></strong></span> <span class='ocrx_word' id='word_1_10' title='bbox 1053 362 1091 432; x_wconf 79' lang='grc' dir='ltr'><strong><em>τὰ</em></strong></span> <span class='ocrx_word' id='word_1_11' title='bbox 1104 365 1134 432; x_wconf 75' lang='grc' dir='ltr'><strong><em>δὲ</em></strong></span> 
     </span>
     <span class='ocr_line' id='line_1_3' title="bbox 139 461 1134 556; baseline -0.005 -21"><span class='ocrx_word' id='word_1_12' title='bbox 139 465 271 556; x_wconf 79' lang='grc' dir='ltr'><strong><em>φθόνςο.</em></strong></span> <span class='ocrx_word' id='word_1_13' title='bbox 310 470 416 533; x_wconf 88' lang='grc' dir='ltr'><strong><em>καίτοι</em></strong></span> <span class='ocrx_word' id='word_1_14' title='bbox 433 461 541 551; x_wconf 87' lang='grc' dir='ltr'><strong><em>άνδρα</em></strong></span> <span class='ocrx_word' id='word_1_15' title='bbox 556 490 593 550; x_wconf 89' lang='grc' dir='ltr'><strong><em>γε</em></strong></span> <span class='ocrx_word' id='word_1_16' title='bbox 613 464 784 550; x_wconf 87' lang='grc' dir='ltr'><strong><em>τύραννον</em></strong></span> <span class='ocrx_word' id='word_1_17' title='bbox 796 461 956 550; x_wconf 86' lang='grc' dir='ltr'><strong><em>άφθονον</em></strong></span> <span class='ocrx_word' id='word_1_18' title='bbox 967 467 1035 533; x_wconf 77' lang='grc' dir='ltr'><strong><em>ἔδει</em></strong></span> <span class='ocrx_word' id='word_1_19' title='bbox 1048 461 1134 548; x_wconf 79' lang='grc' dir='ltr'><strong><em>εἶναι,</em></strong></span> 
     </span>
     <span class='ocr_line' id='line_1_4' title="bbox 140 557 1171 649; baseline -0.003 -17"><span class='ocrx_word' id='word_1_20' title='bbox 140 562 256 649; x_wconf 78' lang='grc' dir='ltr'><strong><em>ἔχοντά</em></strong></span> <span class='ocrx_word' id='word_1_21' title='bbox 267 587 305 648; x_wconf 90' lang='grc' dir='ltr'><strong><em>γε</em></strong></span> <span class='ocrx_word' id='word_1_22' title='bbox 317 561 426 629; x_wconf 85' lang='grc' dir='ltr'><strong><em>πάντα</em></strong></span> <span class='ocrx_word' id='word_1_23' title='bbox 441 559 481 629; x_wconf 87' lang='grc' dir='ltr'><strong><em>τά</em></strong></span> <span class='ocrx_word' id='word_1_24' title='bbox 497 559 627 647; x_wconf 88' lang='grc' dir='ltr'><strong><em>άγαθά·</em></strong></span> <span class='ocrx_word' id='word_1_25' title='bbox 653 558 690 628; x_wconf 88' lang='grc' dir='ltr'>τό</span> <span class='ocrx_word' id='word_1_26' title='bbox 707 557 739 628; x_wconf 90' lang='grc' dir='ltr'><strong><em>δ’</em></strong></span> <span class='ocrx_word' id='word_1_27' title='bbox 755 558 960 630; x_wconf 78' lang='grc' dir='ltr'><strong><em>ὑπεναντίον</em></strong></span> <span class='ocrx_word' id='word_1_28' title='bbox 973 562 1135 640; x_wconf 82' lang='grc' dir='ltr'><strong><em>τούτουές</em></strong></span> <span class='ocrx_word' id='word_1_29' title='bbox 1167 572 1171 587; x_wconf 85' lang='grc'><em>“</em></span> 
     </span>
     <span class='ocr_line' id='line_1_5' title="bbox 140 655 1135 745; baseline 0 -19"><span class='ocrx_word' id='word_1_30' title='bbox 140 657 218 737; x_wconf 83' lang='grc' dir='ltr'><strong><em>τούς</em></strong></span> <span class='ocrx_word' id='word_1_31' title='bbox 229 658 387 744; x_wconf 76' lang='grc' dir='ltr'><strong><em>πολιήτας</em></strong></span> <span class='ocrx_word' id='word_1_32' title='bbox 398 660 543 744; x_wconf 85' lang='grc' dir='ltr'><strong><em>πέφυκε·</em></strong></span> <span class='ocrx_word' id='word_1_33' title='bbox 556 660 697 744; x_wconf 79' lang='grc' dir='ltr'><strong><em>φθονέει</em></strong></span> <span class='ocrx_word' id='word_1_34' title='bbox 705 655 770 742; x_wconf 85' lang='grc' dir='ltr'><strong><em>γάρ</em></strong></span> <span class='ocrx_word' id='word_1_35' title='bbox 776 671 862 726; x_wconf 82' lang='grc' dir='ltr'><strong><em>τοῖσι</em></strong></span> <span class='ocrx_word' id='word_1_36' title='bbox 872 655 1038 745; x_wconf 77' lang='grc' dir='ltr'><strong><em>ἀρίστοισι</em></strong></span> <span class='ocrx_word' id='word_1_37' title='bbox 1048 684 1135 745; x_wconf 84' lang='grc' dir='ltr'><strong><em>περι-</em></strong></span> 
     </span>
     <span class='ocr_line' id='line_1_6' title="bbox 140 752 1133 841; baseline 0 -18"><span class='ocrx_word' id='word_1_38' title='bbox 140 761 236 823; x_wconf 82' lang='grc' dir='ltr'><strong><em>εοῦσί</em></strong></span> <span class='ocrx_word' id='word_1_39' title='bbox 243 780 279 821; x_wconf 91' lang='grc' dir='ltr'><strong><em>τε</em></strong></span> <span class='ocrx_word' id='word_1_40' title='bbox 286 756 341 822; x_wconf 85' lang='grc' dir='ltr'><strong><em>καλ</em></strong></span> <span class='ocrx_word' id='word_1_41' title='bbox 352 753 483 841; x_wconf 79' lang='grc' dir='ltr'><strong><em>ζώουσι,</em></strong></span> <span class='ocrx_word' id='word_1_42' title='bbox 489 761 597 841; x_wconf 81' lang='grc' dir='ltr'><strong><em>χαίρει</em></strong></span> <span class='ocrx_word' id='word_1_43' title='bbox 609 754 644 822; x_wconf 74' lang='grc' dir='ltr'><strong><em>δὲ</em></strong></span> <span class='ocrx_word' id='word_1_44' title='bbox 650 769 736 821; x_wconf 80' lang='grc' dir='ltr'><strong><em>τοῖσι</em></strong></span> <span class='ocrx_word' id='word_1_45' title='bbox 746 761 931 823; x_wconf 81' lang='grc' dir='ltr'><strong><em>κακίστοισι</em></strong></span> <span class='ocrx_word' id='word_1_46' title='bbox 941 761 1011 823; x_wconf 84' lang='grc' dir='ltr'><strong><em>τών</em></strong></span> <span class='ocrx_word' id='word_1_47' title='bbox 1021 752 1133 840; x_wconf 82' lang='grc' dir='ltr'><strong><em>άστών,</em></strong></span> 
     </span>
     <span class='ocr_line' id='line_1_7' title="bbox 140 851 1134 943; baseline 0.004 -21"><span class='ocrx_word' id='word_1_48' title='bbox 140 851 298 943; x_wconf 85' lang='grc' dir='ltr'><strong><em>διαβολάς</em></strong></span> <span class='ocrx_word' id='word_1_49' title='bbox 310 854 346 922; x_wconf 71' lang='grc' dir='ltr'><strong><em>δέ</em></strong></span> <span class='ocrx_word' id='word_1_50' title='bbox 365 858 486 943; x_wconf 75' lang='grc' dir='ltr'><strong><em>ῥηστοε</em></strong></span> <span class='ocrx_word' id='word_1_51' title='bbox 495 858 699 925; x_wconf 82' lang='grc' dir='ltr'><strong><em>ἐνδέκεσθαι.</em></strong></span> <span class='ocrx_word' id='word_1_52' title='bbox 712 852 1005 941; x_wconf 78' lang='grc' dir='ltr'><strong><em>ἀναρμοστότατον</em></strong></span> <span class='ocrx_word' id='word_1_53' title='bbox 1012 858 1048 926; x_wconf 72' lang='grc' dir='ltr'><strong><em>δὲ</em></strong></span> <span class='ocrx_word' id='word_1_54' title='bbox 1055 860 1134 926; x_wconf 90' lang='grc' dir='ltr'><strong><em>πάν-</em></strong></span> 
     </span>
     <span class='ocr_line' id='line_1_8' title="bbox 139 951 1135 1044; baseline 0 -22"><span class='ocrx_word' id='word_1_55' title='bbox 139 979 224 1023; x_wconf 86' lang='grc' dir='ltr'><strong><em>των·</em></strong></span> <span class='ocrx_word' id='word_1_56' title='bbox 240 952 283 1042; x_wconf 85' lang='grc' dir='ltr'><strong><em>ἡν</em></strong></span> <span class='ocrx_word' id='word_1_57' title='bbox 294 980 329 1022; x_wconf 87' lang='grc' dir='ltr'><strong><em>τε</em></strong></span> <span class='ocrx_word' id='word_1_58' title='bbox 339 953 405 1042; x_wconf 87' lang='grc' dir='ltr'><strong><em>γάρ</em></strong></span> <span class='ocrx_word' id='word_1_59' title='bbox 421 953 525 1024; x_wconf 89' lang='grc' dir='ltr'><strong><em>αύτδυ</em></strong></span> <span class='ocrx_word' id='word_1_60' title='bbox 536 963 676 1044; x_wconf 88' lang='grc' dir='ltr'><strong><em>μετρίως</em></strong></span> <span class='ocrx_word' id='word_1_61' title='bbox 693 954 868 1044; x_wconf 77' lang='grc' dir='ltr'><strong><em>θωμάζῃς,</em></strong></span> <span class='ocrx_word' id='word_1_62' title='bbox 888 953 1027 1041; x_wconf 76' lang='grc' dir='ltr'><strong><em>ἄχθεται</em></strong></span> <span class='ocrx_word' id='word_1_63' title='bbox 1038 953 1090 1025; x_wconf 81' lang='grc' dir='ltr'><strong><em>ὅτι</em></strong></span> <span class='ocrx_word' id='word_1_64' title='bbox 1100 951 1135 1023; x_wconf 84' lang='grc' dir='ltr'><strong><em>ού</em></strong></span> 
     </span>
     <span class='ocr_line' id='line_1_9' title="bbox 30 1050 1134 1141; baseline -0.005 -19"><span class='ocrx_word' id='word_1_65' title='bbox 30 1120 35 1131; x_wconf 83' lang='grc'><strong><em>,</em></strong></span> <span class='ocrx_word' id='word_1_66' title='bbox 140 1053 245 1141; x_wconf 87' lang='grc' dir='ltr'><strong><em>κάρτα</em></strong></span> <span class='ocrx_word' id='word_1_67' title='bbox 256 1051 496 1140; x_wconf 77' lang='grc' dir='ltr'><strong><em>θεραπεύεται,</em></strong></span> <span class='ocrx_word' id='word_1_68' title='bbox 512 1051 556 1139; x_wconf 85' lang='grc' dir='ltr'><strong><em>ἡν</em></strong></span> <span class='ocrx_word' id='word_1_69' title='bbox 570 1079 606 1121; x_wconf 90' lang='grc' dir='ltr'><strong><em>τε</em></strong></span> <span class='ocrx_word' id='word_1_70' title='bbox 622 1052 797 1139; x_wconf 83' lang='grc' dir='ltr'><strong><em>θεραπεύη</em></strong></span> <span class='ocrx_word' id='word_1_71' title='bbox 814 1077 863 1132; x_wconf 85' lang='grc' dir='ltr'><strong><em>τις</em></strong></span> <span class='ocrx_word' id='word_1_72' title='bbox 873 1052 989 1140; x_wconf 83' lang='grc' dir='ltr'><strong><em>κάρτα,</em></strong></span> <span class='ocrx_word' id='word_1_73' title='bbox 1006 1050 1134 1138; x_wconf 87' lang='grc' dir='ltr'><strong><em>άχθεται</em></strong></span> 
     </span>
     <span class='ocr_line' id='line_1_10' title="bbox 140 1149 1135 1240; baseline -0.002 -21"><span class='ocrx_word' id='word_1_74' title='bbox 140 1151 198 1219; x_wconf 85' lang='grc' dir='ltr'><strong><em>άτε</em></strong></span> <span class='ocrx_word' id='word_1_75' title='bbox 208 1158 309 1219; x_wconf 83' lang='grc' dir='ltr'><strong><em>θωπί</em></strong></span> <span class='ocrx_word' id='word_1_76' title='bbox 325 1149 365 1219; x_wconf 81' lang='grc' dir='ltr'><strong><em>τά</em></strong></span> <span class='ocrx_word' id='word_1_77' title='bbox 378 1151 415 1220; x_wconf 73' lang='grc' dir='ltr'><strong><em>δὲ</em></strong></span> <span class='ocrx_word' id='word_1_78' title='bbox 427 1150 467 1240; x_wconf 85' lang='grc' dir='ltr'><strong><em>δὴ</em></strong></span> <span class='ocrx_word' id='word_1_79' title='bbox 479 1154 615 1238; x_wconf 82' lang='grc' dir='ltr'><strong><em>μέγιστα</em></strong></span> <span class='ocrx_word' id='word_1_80' title='bbox 626 1157 762 1238; x_wconf 83' lang='grc' dir='ltr'><strong><em>ἔρχομαι</em></strong></span> <span class='ocrx_word' id='word_1_81' title='bbox 773 1153 892 1236; x_wconf 80' lang='grc' dir='ltr'><strong><em>ἐρίων·</em></strong></span> <span class='ocrx_word' id='word_1_82' title='bbox 907 1150 1033 1236; x_wconf 89' lang='grc' dir='ltr'><strong><em>νόμαιά</em></strong></span> <span class='ocrx_word' id='word_1_83' title='bbox 1044 1175 1080 1218; x_wconf 87' lang='grc' dir='ltr'><strong><em>τε</em></strong></span> <span class='ocrx_word' id='word_1_84' title='bbox 1090 1175 1135 1217; x_wconf 85' lang='grc' dir='ltr'><strong><em>κι-</em></strong></span> 
     </span>
     <span class='ocr_line' id='line_1_11' title="bbox 139 1245 1135 1339; baseline -0.001 -22"><span class='ocrx_word' id='word_1_85' title='bbox 139 1264 191 1317; x_wconf 80' lang='grc' dir='ltr'><strong><em>νεῑ</em></strong></span> <span class='ocrx_word' id='word_1_86' title='bbox 201 1247 324 1336; x_wconf 87' lang='grc' dir='ltr'><strong><em>πάτρια</em></strong></span> <span class='ocrx_word' id='word_1_87' title='bbox 338 1250 394 1317; x_wconf 84' lang='grc' dir='ltr'><strong><em>καλ</em></strong></span> <span class='ocrx_word' id='word_1_88' title='bbox 406 1258 518 1339; x_wconf 83' lang='grc' dir='ltr'><strong><em>βιᾶται</em></strong></span> <span class='ocrx_word' id='word_1_89' title='bbox 528 1264 692 1336; x_wconf 83' lang='grc' dir='ltr'><strong><em>γυναῖκας</em></strong></span> <span class='ocrx_word' id='word_1_90' title='bbox 702 1255 823 1316; x_wconf 87' lang='grc' dir='ltr'><strong><em>κτείνει</em></strong></span> <span class='ocrx_word' id='word_1_91' title='bbox 833 1273 869 1316; x_wconf 87' lang='grc' dir='ltr'><strong><em>τε</em></strong></span> <span class='ocrx_word' id='word_1_92' title='bbox 880 1245 1045 1336; x_wconf 81' lang='grc' dir='ltr'><strong><em>ἀκρίτους.</em></strong></span> <span class='ocrx_word' id='word_1_93' title='bbox 1058 1253 1135 1333; x_wconf 79' lang='grc' dir='ltr'><strong><em>πλη-</em></strong></span> 
     </span>
     <span class='ocr_line' id='line_1_12' title="bbox 139 1346 1171 1436; baseline -0.001 -20"><span class='ocrx_word' id='word_1_94' title='bbox 139 1358 204 1426; x_wconf 85' lang='grc' dir='ltr'><strong><em>θος</em></strong></span> <span class='ocrx_word' id='word_1_95' title='bbox 215 1349 251 1416; x_wconf 77' lang='grc' dir='ltr'><strong><em>δὲ</em></strong></span> <span class='ocrx_word' id='word_1_96' title='bbox 268 1347 372 1434; x_wconf 86' lang='grc' dir='ltr'><strong><em>άρχον</em></strong></span> <span class='ocrx_word' id='word_1_97' title='bbox 386 1355 501 1436; x_wconf 89' lang='grc' dir='ltr'><strong><em>πρώτα</em></strong></span> <span class='ocrx_word' id='word_1_98' title='bbox 512 1351 574 1435; x_wconf 74' lang='grc' dir='ltr'><strong><em>μὲν</em></strong></span> <span class='ocrx_word' id='word_1_99' title='bbox 587 1346 718 1434; x_wconf 86' lang='grc' dir='ltr'><strong><em>ούυομα</em></strong></span> <span class='ocrx_word' id='word_1_100' title='bbox 728 1348 866 1416; x_wconf 75' lang='grc' dir='ltr'><strong><em>πάντων</em></strong></span> <span class='ocrx_word' id='word_1_101' title='bbox 877 1346 1056 1417; x_wconf 89' lang='grc' dir='ltr'><strong><em>κάλλιστον</em></strong></span> <span class='ocrx_word' id='word_1_102' title='bbox 1068 1354 1134 1434; x_wconf 79' lang='grc' dir='ltr'><strong><em>ἔχει,</em></strong></span> <span class='ocrx_word' id='word_1_103' title='bbox 1167 1394 1171 1401; x_wconf 95' lang='grc'><strong>-</strong></span> 
     </span>
     <span class='ocr_line' id='line_1_13' title="bbox 140 1443 1134 1534; baseline -0.006 -19"><span class='ocrx_word' id='word_1_104' title='bbox 140 1453 332 1533; x_wconf 74' lang='grc' dir='ltr'><strong><em>ἰσονομίην,</em></strong></span> <span class='ocrx_word' id='word_1_105' title='bbox 353 1446 494 1534; x_wconf 85' lang='grc' dir='ltr'><strong><em>δεύτερα</em></strong></span> <span class='ocrx_word' id='word_1_106' title='bbox 515 1448 551 1515; x_wconf 77' lang='grc' dir='ltr'><strong><em>δὲ</em></strong></span> <span class='ocrx_word' id='word_1_107' title='bbox 571 1446 701 1515; x_wconf 88' lang='grc' dir='ltr'><strong><em>τούτων</em></strong></span> <span class='ocrx_word' id='word_1_108' title='bbox 717 1452 785 1513; x_wconf 84' lang='grc' dir='ltr'><strong><em>τών</em></strong></span> <span class='ocrx_word' id='word_1_109' title='bbox 800 1443 819 1514; x_wconf 89' lang='grc' dir='ltr'>ὁ</span> <span class='ocrx_word' id='word_1_110' title='bbox 833 1446 1024 1532; x_wconf 80' lang='grc' dir='ltr'><strong><em>μούναρχος</em></strong></span> <span class='ocrx_word' id='word_1_111' title='bbox 1038 1448 1134 1514; x_wconf 84' lang='grc' dir='ltr'><strong><em>ποιέει</em></strong></span> 
     </span>
     <span class='ocr_line' id='line_1_14' title="bbox 142 1534 1171 1634; baseline -0.008 -20"><span class='ocrx_word' id='word_1_112' title='bbox 142 1545 258 1614; x_wconf 75' lang='grc' dir='ltr'><strong><em>οὐδέν·</em></strong></span> <span class='ocrx_word' id='word_1_113' title='bbox 283 1545 379 1634; x_wconf 79' lang='grc' dir='ltr'><strong><em>κάλω</em></strong></span> <span class='ocrx_word' id='word_1_114' title='bbox 406 1547 468 1631; x_wconf 73' lang='grc' dir='ltr'><strong><em>μὲν</em></strong></span> <span class='ocrx_word' id='word_1_115' title='bbox 494 1542 598 1630; x_wconf 87' lang='grc' dir='ltr'><strong><em>άρχάς</em></strong></span> <span class='ocrx_word' id='word_1_116' title='bbox 624 1542 736 1631; x_wconf 89' lang='grc' dir='ltr'><strong><em>άρχει,</em></strong></span> <span class='ocrx_word' id='word_1_117' title='bbox 762 1542 964 1612; x_wconf 83' lang='grc' dir='ltr'><strong><em>ὑπεύθυνον</em></strong></span> <span class='ocrx_word' id='word_1_118' title='bbox 980 1546 1016 1612; x_wconf 74' lang='grc' dir='ltr'><strong><em>δὲ</em></strong></span> <span class='ocrx_word' id='word_1_119' title='bbox 1037 1540 1134 1630; x_wconf 83' lang='grc' dir='ltr'><strong><em>άρχὴν</em></strong></span> <span class='ocrx_word' id='word_1_120' title='bbox 1169 1534 1171 1543; x_wconf 68' lang='lat'>&#39;</span> 
     </span>
     <span class='ocr_line' id='line_1_15' title="bbox 143 1628 1171 1730; baseline -0.006 -17"><span class='ocrx_word' id='word_1_121' title='bbox 143 1650 224 1730; x_wconf 80' lang='grc' dir='ltr'><strong><em>ἔχει,</em></strong></span> <span class='ocrx_word' id='word_1_122' title='bbox 237 1644 451 1729; x_wconf 90' lang='grc' dir='ltr'><strong><em>βουλεύματα</em></strong></span> <span class='ocrx_word' id='word_1_123' title='bbox 464 1642 501 1712; x_wconf 73' lang='grc' dir='ltr'><strong><em>δὲ</em></strong></span> <span class='ocrx_word' id='word_1_124' title='bbox 515 1643 625 1711; x_wconf 89' lang='grc' dir='ltr'><strong><em>πάντα</em></strong></span> <span class='ocrx_word' id='word_1_125' title='bbox 641 1646 674 1723; x_wconf 81' lang='grc' dir='ltr'><strong><em>ές</em></strong></span> <span class='ocrx_word' id='word_1_126' title='bbox 688 1641 727 1711; x_wconf 88' lang='grc' dir='ltr'><strong><em>τδ</em></strong></span> <span class='ocrx_word' id='word_1_127' title='bbox 743 1639 1036 1728; x_wconf 87' lang='grc' dir='ltr'><strong><em>κοινδνάναφέρει.</em></strong></span> <span class='ocrx_word' id='word_1_128' title='bbox 1050 1648 1126 1710; x_wconf 82' lang='grc' dir='ltr'><strong><em>τίθε</em></strong></span> <span class='ocrx_word' id='word_1_129' title='bbox 1169 1628 1171 1645; x_wconf 73' lang='grc'><strong>’</strong></span> 
     </span>
     <span class='ocr_line' id='line_1_16' title="bbox 141 1737 1133 1832; baseline -0.004 -21"><span class='ocrx_word' id='word_1_130' title='bbox 141 1772 200 1831; x_wconf 91' lang='grc' dir='ltr'><strong><em>μαι</em></strong></span> <span class='ocrx_word' id='word_1_131' title='bbox 225 1737 274 1811; x_wconf 88' lang='grc' dir='ltr'><strong><em>ών</em></strong></span> <span class='ocrx_word' id='word_1_132' title='bbox 288 1743 427 1830; x_wconf 91' lang='grc' dir='ltr'><strong><em>γνώμην</em></strong></span> <span class='ocrx_word' id='word_1_133' title='bbox 442 1745 597 1831; x_wconf 81' lang='grc' dir='ltr'><strong><em>μετέντας</em></strong></span> <span class='ocrx_word' id='word_1_134' title='bbox 612 1741 715 1832; x_wconf 87' lang='grc' dir='ltr'><strong><em>ἡμέας</em></strong></span> <span class='ocrx_word' id='word_1_135' title='bbox 734 1750 941 1830; x_wconf 86' lang='grc' dir='ltr'><strong><em>μουναρχίην</em></strong></span> <span class='ocrx_word' id='word_1_136' title='bbox 960 1740 998 1811; x_wconf 82' lang='grc' dir='ltr'><strong><em>τὰ</em></strong></span> <span class='ocrx_word' id='word_1_137' title='bbox 1013 1749 1133 1829; x_wconf 72' lang='grc' dir='ltr'><strong><em>πλῆθος</em></strong></span> 
     </span>
     <span class='ocr_line' id='line_1_17' title="bbox 141 1835 1131 1933; baseline -0.003 -23"><span class='ocrx_word' id='word_1_138' title='bbox 141 1842 264 1923; x_wconf 80' lang='grc' dir='ltr'><strong><em>ἀέξειν·</em></strong></span> <span class='ocrx_word' id='word_1_139' title='bbox 284 1844 321 1910; x_wconf 80' lang='grc' dir='ltr'><strong><em>ἐν</em></strong></span> <span class='ocrx_word' id='word_1_140' title='bbox 335 1840 399 1929; x_wconf 85' lang='grc' dir='ltr'><strong><em>γάρ</em></strong></span> <span class='ocrx_word' id='word_1_141' title='bbox 418 1851 463 1933; x_wconf 76' lang='grc' dir='ltr'><strong><em>τῷ</em></strong></span> <span class='ocrx_word' id='word_1_142' title='bbox 477 1849 589 1933; x_wconf 75' lang='grc' dir='ltr'><strong><em>πολλῷ</em></strong></span> <span class='ocrx_word' id='word_1_143' title='bbox 604 1849 655 1911; x_wconf 80' lang='grc' dir='ltr'><strong><em>ἔνι</em></strong></span> <span class='ocrx_word' id='word_1_144' title='bbox 673 1840 712 1910; x_wconf 83' lang='grc' dir='ltr'><strong><em>τά</em></strong></span> <span class='ocrx_word' id='word_1_145' title='bbox 727 1842 845 1910; x_wconf 88' lang='grc' dir='ltr'><strong><em>πάντα.</em></strong></span> <span class='ocrx_word' id='word_1_146' title='bbox 874 1841 1012 1928; x_wconf 83' lang='grc' dir='ltr'><strong><em>Ὀτάνης</em></strong></span> <span class='ocrx_word' id='word_1_147' title='bbox 1024 1843 1087 1929; x_wconf 71' lang='grc' dir='ltr'><strong><em>μὲν</em></strong></span> <span class='ocrx_word' id='word_1_148' title='bbox 1099 1835 1131 1924; x_wconf 81' lang='grc' dir='ltr'><strong><em>δὴ</em></strong></span> 
     </span>
     <span class='ocr_line' id='line_1_18' title="bbox 90 1939 1130 2035; baseline -0.003 -25"><span class='ocrx_word' id='word_1_149' title='bbox 90 1963 123 2018; x_wconf 72' lang='lat'><strong><em>81</em></strong></span> <span class='ocrx_word' id='word_1_150' title='bbox 141 1942 267 2035; x_wconf 82' lang='grc' dir='ltr'><strong><em>ταύτην</em></strong></span> <span class='ocrx_word' id='word_1_151' title='bbox 284 1939 346 2029; x_wconf 79' lang='grc' dir='ltr'><strong><em>τὴν</em></strong></span> <span class='ocrx_word' id='word_1_152' title='bbox 361 1943 499 2029; x_wconf 89' lang='grc' dir='ltr'><strong><em>γνώμην</em></strong></span> <span class='ocrx_word' id='word_1_153' title='bbox 520 1946 673 2029; x_wconf 81' lang='grc' dir='ltr'><strong><em>ἐσέφερε,</em></strong></span> <span class='ocrx_word' id='word_1_154' title='bbox 699 1941 900 2029; x_wconf 72' lang='grc' dir='ltr'><strong><em>Μεγάβυζος</em></strong></span> <span class='ocrx_word' id='word_1_155' title='bbox 921 1941 957 2008; x_wconf 78' lang='grc' dir='ltr'><strong><em>δὲ</em></strong></span> <span class='ocrx_word' id='word_1_156' title='bbox 971 1939 1130 2027; x_wconf 80' lang='grc' dir='ltr'><strong><em>ὀλιγαρχίη</em></strong></span> 
     </span>
     <span class='ocr_line' id='line_1_19' title="bbox 140 2037 1131 2128; baseline -0.007 -18"><span class='ocrx_word' id='word_1_157' title='bbox 140 2044 271 2110; x_wconf 81' lang='grc' dir='ltr'><strong><em>ἐκέλευε</em></strong></span> <span class='ocrx_word' id='word_1_158' title='bbox 288 2042 499 2128; x_wconf 81' lang='grc' dir='ltr'><strong><em>ἐπιτράπειν,</em></strong></span> <span class='ocrx_word' id='word_1_159' title='bbox 515 2046 621 2127; x_wconf 82' lang='grc' dir='ltr'><strong><em>λέγων</em></strong></span> <span class='ocrx_word' id='word_1_160' title='bbox 645 2040 740 2110; x_wconf 88' lang='grc' dir='ltr'><strong><em>τάδε·</em></strong></span> <span class='ocrx_word' id='word_1_161' title='bbox 785 2040 834 2109; x_wconf 83' lang='grc' dir='ltr'><strong><em>Τά</em></strong></span> <span class='ocrx_word' id='word_1_162' title='bbox 849 2041 910 2127; x_wconf 75' lang='grc' dir='ltr'><strong><em>μὲν</em></strong></span> <span class='ocrx_word' id='word_1_163' title='bbox 923 2039 1059 2128; x_wconf 80' lang='grc' dir='ltr'><strong><em>Ὀτάνης</em></strong></span> <span class='ocrx_word' id='word_1_164' title='bbox 1074 2037 1131 2106; x_wconf 69' lang='grc' dir='ltr'><strong><em>εἴτε</em></strong></span> 
     </span>
     <span class='ocr_line' id='line_1_20' title="bbox 139 2131 1129 2226; baseline -0.002 -20"><span class='ocrx_word' id='word_1_165' title='bbox 139 2142 325 2226; x_wconf 78' lang='grc' dir='ltr'><strong><em>τυραννίδα</em></strong></span> <span class='ocrx_word' id='word_1_166' title='bbox 344 2140 480 2225; x_wconf 87' lang='grc' dir='ltr'><strong><em>παύων,</em></strong></span> <span class='ocrx_word' id='word_1_167' title='bbox 508 2141 655 2226; x_wconf 76' lang='grc' dir='ltr'><strong><em>λελέχθω</em></strong></span> <span class='ocrx_word' id='word_1_168' title='bbox 672 2136 772 2226; x_wconf 78' lang='grc' dir='ltr'><strong><em>κάμοὶ</em></strong></span> <span class='ocrx_word' id='word_1_169' title='bbox 791 2147 911 2225; x_wconf 76' lang='grc' dir='ltr'><strong><em>ταῦτα,</em></strong></span> <span class='ocrx_word' id='word_1_170' title='bbox 932 2138 972 2207; x_wconf 83' lang='grc' dir='ltr'><strong><em>τά</em></strong></span> <span class='ocrx_word' id='word_1_171' title='bbox 995 2138 1027 2209; x_wconf 81' lang='grc' dir='ltr'><strong><em>δ’</em></strong></span> <span class='ocrx_word' id='word_1_172' title='bbox 1051 2143 1083 2218; x_wconf 80' lang='grc' dir='ltr'><strong><em>ἐς</em></strong></span> <span class='ocrx_word' id='word_1_173' title='bbox 1098 2131 1129 2204; x_wconf 78' lang='grc' dir='ltr'><strong><em>τὸ</em></strong></span> 
     </span>
     <span class='ocr_line' id='line_1_21' title="bbox 139 2234 1130 2326; baseline -0.002 -20"><span class='ocrx_word' id='word_1_174' title='bbox 139 2245 269 2324; x_wconf 77' lang='grc' dir='ltr'><strong><em>πλῆθος</em></strong></span> <span class='ocrx_word' id='word_1_175' title='bbox 289 2234 400 2324; x_wconf 80' lang='grc' dir='ltr'><strong><em>ἄνωγε</em></strong></span> <span class='ocrx_word' id='word_1_176' title='bbox 421 2238 539 2325; x_wconf 82' lang='grc' dir='ltr'><strong><em>φέρειν</em></strong></span> <span class='ocrx_word' id='word_1_177' title='bbox 553 2235 596 2305; x_wconf 81' lang='grc' dir='ltr'><strong><em>κδ</em></strong></span> <span class='ocrx_word' id='word_1_178' title='bbox 618 2240 755 2325; x_wconf 81' lang='grc' dir='ltr'><strong><em>κράτος,</em></strong></span> <span class='ocrx_word' id='word_1_179' title='bbox 780 2239 916 2326; x_wconf 85' lang='grc' dir='ltr'><strong><em>γνώμης</em></strong></span> <span class='ocrx_word' id='word_1_180' title='bbox 929 2244 987 2325; x_wconf 76' lang='grc' dir='ltr'><strong><em>τῆς</em></strong></span> <span class='ocrx_word' id='word_1_181' title='bbox 1008 2236 1130 2324; x_wconf 78' lang='grc' dir='ltr'><strong><em>ἀρίστης</em></strong></span> 
     </span>
     <span class='ocr_line' id='line_1_22' title="bbox 138 2333 1131 2424; baseline -0.001 -23"><span class='ocrx_word' id='word_1_182' title='bbox 138 2333 317 2423; x_wconf 76' lang='grc' dir='ltr'><strong><em>ἡμάρτηκε.</em></strong></span> <span class='ocrx_word' id='word_1_183' title='bbox 351 2333 471 2422; x_wconf 86' lang='grc' dir='ltr'><strong><em>ὁμίλου</em></strong></span> <span class='ocrx_word' id='word_1_184' title='bbox 490 2335 554 2424; x_wconf 81' lang='grc' dir='ltr'><strong><em>γάρ</em></strong></span> <span class='ocrx_word' id='word_1_185' title='bbox 576 2333 717 2423; x_wconf 87' lang='grc' dir='ltr'><strong><em>άχρηίου</em></strong></span> <span class='ocrx_word' id='word_1_186' title='bbox 737 2334 838 2406; x_wconf 85' lang='grc' dir='ltr'><strong><em>ούδέυ</em></strong></span> <span class='ocrx_word' id='word_1_187' title='bbox 853 2341 921 2406; x_wconf 80' lang='grc' dir='ltr'><strong><em>ἐστι</em></strong></span> <span class='ocrx_word' id='word_1_188' title='bbox 937 2334 1131 2406; x_wconf 79' lang='grc' dir='ltr'><strong><em>ἀσυνετώτε-</em></strong></span> 
     </span>
     <span class='ocr_line' id='line_1_23' title="bbox 140 2433 1132 2526; baseline -0.004 -22"><span class='ocrx_word' id='word_1_189' title='bbox 140 2463 203 2522; x_wconf 92' lang='grc' dir='ltr'><strong><em>ρον</em></strong></span> <span class='ocrx_word' id='word_1_190' title='bbox 220 2434 299 2505; x_wconf 75' lang='grc' dir='ltr'><strong><em>οὐδὲ</em></strong></span> <span class='ocrx_word' id='word_1_191' title='bbox 310 2434 559 2525; x_wconf 83' lang='grc' dir='ltr'><strong><em>ὑβριστότερον.</em></strong></span> <span class='ocrx_word' id='word_1_192' title='bbox 575 2445 683 2526; x_wconf 87' lang='grc' dir='ltr'><strong><em>καίτοι</em></strong></span> <span class='ocrx_word' id='word_1_193' title='bbox 694 2437 866 2522; x_wconf 90' lang='grc' dir='ltr'><strong><em>τυράννου</em></strong></span> <span class='ocrx_word' id='word_1_194' title='bbox 879 2433 983 2526; x_wconf 77' lang='grc' dir='ltr'><strong><em>ὕβριν</em></strong></span> <span class='ocrx_word' id='word_1_195' title='bbox 995 2437 1132 2523; x_wconf 87' lang='grc' dir='ltr'><strong><em>φεύγον-</em></strong></span> 
     </span>
     <span class='ocr_line' id='line_1_24' title="bbox 140 2528 1133 2624; baseline -0.004 -22"><span class='ocrx_word' id='word_1_196' title='bbox 140 2562 197 2612; x_wconf 89' lang='grc' dir='ltr'><strong><em>τας</em></strong></span> <span class='ocrx_word' id='word_1_197' title='bbox 211 2532 337 2617; x_wconf 76' lang='grc' dir='ltr'><strong><em>ἄνδρας</em></strong></span> <span class='ocrx_word' id='word_1_198' title='bbox 347 2538 380 2613; x_wconf 80' lang='grc' dir='ltr'><strong><em>ές</em></strong></span> <span class='ocrx_word' id='word_1_199' title='bbox 395 2536 505 2622; x_wconf 82' lang='grc' dir='ltr'><strong><em>δήμου</em></strong></span> <span class='ocrx_word' id='word_1_200' title='bbox 524 2534 712 2604; x_wconf 87' lang='grc' dir='ltr'><strong><em>άκολάστον</em></strong></span> <span class='ocrx_word' id='word_1_201' title='bbox 727 2533 829 2624; x_wconf 80' lang='grc' dir='ltr'><strong><em>ὕβριν</em></strong></span> <span class='ocrx_word' id='word_1_202' title='bbox 854 2548 970 2605; x_wconf 70' lang='grc' dir='ltr'><strong><em>πεσεῖν</em></strong></span> <span class='ocrx_word' id='word_1_203' title='bbox 998 2538 1065 2603; x_wconf 75' lang='grc' dir='ltr'><strong><em>ἐστὶ</em></strong></span> <span class='ocrx_word' id='word_1_204' title='bbox 1081 2528 1133 2600; x_wconf 89' lang='grc' dir='ltr'><strong><em>ού-</em></strong></span> 
     </span>
     <span class='ocr_line' id='line_1_25' title="bbox 141 2630 1134 2721; baseline 0 -22"><span class='ocrx_word' id='word_1_205' title='bbox 141 2638 253 2718; x_wconf 84' lang='grc' dir='ltr'><strong><em>δαμώς</em></strong></span> <span class='ocrx_word' id='word_1_206' title='bbox 274 2630 473 2719; x_wconf 83' lang='grc' dir='ltr'><strong><em>ἀνασχετόν·</em></strong></span> <span class='ocrx_word' id='word_1_207' title='bbox 504 2632 522 2705; x_wconf 86' lang='grc' dir='ltr'><strong>ὁ</strong></span> <span class='ocrx_word' id='word_1_208' title='bbox 546 2631 693 2720; x_wconf 76' lang='grc' dir='ltr'><strong><em>μὲνγὰρ</em></strong></span> <span class='ocrx_word' id='word_1_209' title='bbox 715 2644 749 2703; x_wconf 81' lang='grc' dir='ltr'><strong><em>εί</em></strong></span> <span class='ocrx_word' id='word_1_210' title='bbox 766 2662 799 2708; x_wconf 86' lang='grc' dir='ltr'><strong><em>τι</em></strong></span> <span class='ocrx_word' id='word_1_211' title='bbox 818 2637 940 2721; x_wconf 63' lang='grc' dir='ltr'><strong><em>ποιέει,</em></strong></span> <span class='ocrx_word' id='word_1_212' title='bbox 966 2632 1134 2720; x_wconf 83' lang='grc' dir='ltr'><strong><em>γινώσκων</em></strong></span> 
     </span>
     <span class='ocr_line' id='line_1_26' title="bbox 140 2730 1171 2847; baseline -0.005 -47"><span class='ocrx_word' id='word_1_213' title='bbox 140 2736 261 2817; x_wconf 82' lang='grc' dir='ltr'><strong><em>ποιέει,</em></strong></span> <span class='ocrx_word' id='word_1_214' title='bbox 276 2739 322 2821; x_wconf 76' lang='grc' dir='ltr'><strong><em>τῷ</em></strong></span> <span class='ocrx_word' id='word_1_215' title='bbox 334 2732 371 2800; x_wconf 77' lang='grc' dir='ltr'><strong><em>δὲ</em></strong></span> <span class='ocrx_word' id='word_1_216' title='bbox 386 2731 465 2801; x_wconf 74' lang='grc' dir='ltr'><strong><em>ούδδ</em></strong></span> <span class='ocrx_word' id='word_1_217' title='bbox 480 2735 659 2819; x_wconf 90' lang='grc' dir='ltr'><strong><em>γινώσκειν</em></strong></span> <span class='ocrx_word' id='word_1_218' title='bbox 673 2740 741 2802; x_wconf 78' lang='grc' dir='ltr'><strong><em>ἔνι·</em></strong></span> <span class='ocrx_word' id='word_1_219' title='bbox 765 2742 832 2813; x_wconf 82' lang='grc' dir='ltr'><strong><em>κώς</em></strong></span> <span class='ocrx_word' id='word_1_220' title='bbox 845 2731 910 2820; x_wconf 86' lang='grc' dir='ltr'><strong><em>γάρ</em></strong></span> <span class='ocrx_word' id='word_1_221' title='bbox 924 2730 969 2800; x_wconf 86' lang='grc' dir='ltr'><strong><em>άν</em></strong></span> <span class='ocrx_word' id='word_1_222' title='bbox 982 2733 1135 2820; x_wconf 85' lang='grc' dir='ltr'><strong><em>γινώσκοι</em></strong></span> <span class='ocrx_word' id='word_1_223' title='bbox 1168 2762 1171 2847; x_wconf 70' lang='grc' dir='ltr'><strong><em>χ</em></strong></span> 
     </span>
     <span class='ocr_line' id='line_1_27' title="bbox 141 2825 1171 2922; baseline -0.003 -23"><span class='ocrx_word' id='word_1_224' title='bbox 141 2829 177 2910; x_wconf 80' lang='grc' dir='ltr'><strong><em>ὃς</em></strong></span> <span class='ocrx_word' id='word_1_225' title='bbox 202 2827 277 2898; x_wconf 72' lang='grc' dir='ltr'><strong><em>οὔτ’</em></strong></span> <span class='ocrx_word' id='word_1_226' title='bbox 312 2828 472 2920; x_wconf 76' lang='grc' dir='ltr'><strong><em>ἐδιδάχθη</em></strong></span> <span class='ocrx_word' id='word_1_227' title='bbox 507 2827 585 2900; x_wconf 85' lang='grc' dir='ltr'><strong><em>ούτε</em></strong></span> <span class='ocrx_word' id='word_1_228' title='bbox 620 2828 693 2900; x_wconf 79' lang='grc' dir='ltr'><strong><em>οἶδε</em></strong></span> <span class='ocrx_word' id='word_1_229' title='bbox 726 2829 833 2898; x_wconf 83' lang='grc' dir='ltr'><strong><em>καλὸν</em></strong></span> <span class='ocrx_word' id='word_1_230' title='bbox 867 2825 971 2898; x_wconf 78' lang='grc' dir='ltr'><strong><em>ούδδν</em></strong></span> <span class='ocrx_word' id='word_1_231' title='bbox 1001 2829 1135 2922; x_wconf 85' lang='grc' dir='ltr'><strong><em>οίκὴιον,</em></strong></span> <span class='ocrx_word' id='word_1_232' title='bbox 1158 2829 1171 2883; x_wconf 70' lang='grc' dir='ltr'><strong><em>ἰ</em></strong></span> 
     </span>
     <span class='ocr_line' id='line_1_28' title="bbox 140 2924 1139 3017; baseline -0.006 -18"><span class='ocrx_word' id='word_1_233' title='bbox 140 2928 240 2999; x_wconf 84' lang='grc' dir='ltr'><strong><em>ώθέει</em></strong></span> <span class='ocrx_word' id='word_1_234' title='bbox 251 2954 286 2996; x_wconf 86' lang='grc' dir='ltr'><strong><em>τε</em></strong></span> <span class='ocrx_word' id='word_1_235' title='bbox 297 2926 450 3015; x_wconf 80' lang='grc' dir='ltr'><strong><em>ἐμπεσών</em></strong></span> <span class='ocrx_word' id='word_1_236' title='bbox 463 2924 503 2995; x_wconf 84' lang='grc' dir='ltr'><strong><em>τά</em></strong></span> <span class='ocrx_word' id='word_1_237' title='bbox 514 2927 691 3015; x_wconf 85' lang='grc' dir='ltr'><strong><em>πρήγματα</em></strong></span> <span class='ocrx_word' id='word_1_238' title='bbox 702 2924 785 2995; x_wconf 86' lang='grc' dir='ltr'><strong><em>άνευ</em></strong></span> <span class='ocrx_word' id='word_1_239' title='bbox 798 2925 894 3012; x_wconf 88' lang='grc' dir='ltr'><strong><em>νύου,</em></strong></span> <span class='ocrx_word' id='word_1_240' title='bbox 901 2925 1068 3017; x_wconf 76' lang='grc' dir='ltr'><strong><em>χειμάρρῳ</em></strong></span> <span class='ocrx_word' id='word_1_241' title='bbox 1081 2950 1139 2994; x_wconf 85' lang='grc' dir='ltr'><strong><em>πο-</em></strong></span> 
     </span>
     <span class='ocr_line' id='line_1_29' title="bbox 139 3019 1139 3117; baseline -0.007 -20"><span class='ocrx_word' id='word_1_242' title='bbox 139 3034 230 3117; x_wconf 78' lang='grc' dir='ltr'><strong><em>ταμώ</em></strong></span> <span class='ocrx_word' id='word_1_243' title='bbox 249 3034 374 3107; x_wconf 78' lang='grc' dir='ltr'><strong><em>ίκελος;</em></strong></span> <span class='ocrx_word' id='word_1_244' title='bbox 397 3024 650 3115; x_wconf 81' lang='grc' dir='ltr'><strong><em>δήμῳμέννυν,</em></strong></span> <span class='ocrx_word' id='word_1_245' title='bbox 671 3026 862 3112; x_wconf 78' lang='grc' dir='ltr'><strong><em>οδΠέρσησι</em></strong></span> <span class='ocrx_word' id='word_1_246' title='bbox 875 3019 981 3100; x_wconf 89' lang='grc' dir='ltr'><strong><em>κακδν</em></strong></span> <span class='ocrx_word' id='word_1_247' title='bbox 1017 3031 1139 3108; x_wconf 84' lang='grc' dir='ltr'><strong><em>νοεῦσι,</em></strong></span> 
     </span>
     <span class='ocr_line' id='line_1_30' title="bbox 22 3118 1171 3209; baseline -0.003 -17"><span class='ocrx_word' id='word_1_248' title='bbox 22 3142 27 3146; x_wconf 82' lang='grc'><strong>’</strong></span> <span class='ocrx_word' id='word_1_249' title='bbox 140 3118 234 3192; x_wconf 86' lang='grc' dir='ltr'><strong><em>ούτοι</em></strong></span> <span class='ocrx_word' id='word_1_250' title='bbox 247 3123 419 3209; x_wconf 85' lang='grc' dir='ltr'><strong><em>χράσθων,</em></strong></span> <span class='ocrx_word' id='word_1_251' title='bbox 435 3120 529 3209; x_wconf 82' lang='grc' dir='ltr'><strong><em>ἡμεῖς</em></strong></span> <span class='ocrx_word' id='word_1_252' title='bbox 543 3124 580 3191; x_wconf 73' lang='grc' dir='ltr'><strong><em>δὲ</em></strong></span> <span class='ocrx_word' id='word_1_253' title='bbox 594 3121 804 3209; x_wconf 84' lang='grc' dir='ltr'><strong><em>άνδρώντών</em></strong></span> <span class='ocrx_word' id='word_1_254' title='bbox 815 3120 960 3208; x_wconf 77' lang='grc' dir='ltr'><strong><em>ἀρίστων</em></strong></span> <span class='ocrx_word' id='word_1_255' title='bbox 971 3123 1141 3200; x_wconf 82' lang='grc' dir='ltr'><strong><em>ἐπιλέξαν-</em></strong></span> <span class='ocrx_word' id='word_1_256' title='bbox 1169 3150 1171 3161; x_wconf 91' lang='grc'><strong><em>·</em></strong></span> 
     </span>
     <span class='ocr_line' id='line_1_31' title="bbox 139 3211 1142 3308; baseline -0.007 -17"><span class='ocrx_word' id='word_1_257' title='bbox 139 3249 192 3300; x_wconf 88' lang='grc' dir='ltr'><strong><em>τες</em></strong></span> <span class='ocrx_word' id='word_1_258' title='bbox 207 3219 341 3308; x_wconf 86' lang='grc' dir='ltr'><strong><em>ὁμιλίην</em></strong></span> <span class='ocrx_word' id='word_1_259' title='bbox 355 3222 503 3289; x_wconf 90' lang='grc' dir='ltr'><strong><em>τούτοισι</em></strong></span> <span class='ocrx_word' id='word_1_260' title='bbox 518 3225 728 3307; x_wconf 86' lang='grc' dir='ltr'><strong><em>περιθέωμεν</em></strong></span> <span class='ocrx_word' id='word_1_261' title='bbox 747 3219 784 3288; x_wconf 82' lang='grc' dir='ltr'><strong><em>τὸ</em></strong></span> <span class='ocrx_word' id='word_1_262' title='bbox 808 3219 945 3307; x_wconf 90' lang='grc' dir='ltr'><strong><em>κράτος·</em></strong></span> <span class='ocrx_word' id='word_1_263' title='bbox 968 3221 1005 3289; x_wconf 79' lang='grc' dir='ltr'><strong><em>ἐν</em></strong></span> <span class='ocrx_word' id='word_1_264' title='bbox 1019 3213 1086 3304; x_wconf 79' lang='grc' dir='ltr'><strong><em>γάρ</em></strong></span> <span class='ocrx_word' id='word_1_265' title='bbox 1104 3211 1142 3302; x_wconf 87' lang='grc' dir='ltr'><strong><em>δὴ</em></strong></span> 
     </span>
     <span class='ocr_line' id='line_1_32' title="bbox 16 3310 1144 3405; baseline -0.006 -15"><span class='ocrx_word' id='word_1_266' title='bbox 16 3329 19 3334; x_wconf 82' lang='grc'><strong>’</strong></span> <span class='ocrx_word' id='word_1_267' title='bbox 139 3321 289 3390; x_wconf 88' lang='grc' dir='ltr'><strong><em>τούτοισι</em></strong></span> <span class='ocrx_word' id='word_1_268' title='bbox 304 3323 359 3389; x_wconf 83' lang='grc' dir='ltr'><strong><em>καὶ</em></strong></span> <span class='ocrx_word' id='word_1_269' title='bbox 373 3317 467 3387; x_wconf 81' lang='grc' dir='ltr'><strong><em>αὐτοὶ</em></strong></span> <span class='ocrx_word' id='word_1_270' title='bbox 481 3318 683 3405; x_wconf 81' lang='grc' dir='ltr'><strong><em>ἐνεσόμεθα,</em></strong></span> <span class='ocrx_word' id='word_1_271' title='bbox 698 3317 845 3404; x_wconf 78' lang='grc' dir='ltr'><strong><em>ἀρίστων</em></strong></span> <span class='ocrx_word' id='word_1_272' title='bbox 856 3319 893 3385; x_wconf 73' lang='grc' dir='ltr'><strong><em>δὲ</em></strong></span> <span class='ocrx_word' id='word_1_273' title='bbox 905 3315 1043 3403; x_wconf 77' lang='grc' dir='ltr'><strong><em>ἀνδρῶν</em></strong></span> <span class='ocrx_word' id='word_1_274' title='bbox 1054 3310 1144 3394; x_wconf 85' lang='grc' dir='ltr'><strong><em>οίκδς</em></strong></span> 
     </span>
     <span class='ocr_line' id='line_1_33' title="bbox 120 3411 1143 3510; baseline -0.006 -23"><span class='ocrx_word' id='word_1_275' title='bbox 120 3418 249 3502; x_wconf 79' lang='grc' dir='ltr'><strong><em>άριστα</em></strong></span> <span class='ocrx_word' id='word_1_276' title='bbox 257 3420 484 3509; x_wconf 87' lang='grc' dir='ltr'><strong><em>βουλεύματα</em></strong></span> <span class='ocrx_word' id='word_1_277' title='bbox 496 3425 667 3510; x_wconf 87' lang='grc' dir='ltr'><strong><em>γίνεσθαι.</em></strong></span> <span class='ocrx_word' id='word_1_278' title='bbox 687 3418 884 3503; x_wconf 66' lang='grc' dir='ltr'><strong><em>Μεγάβυζος</em></strong></span> <span class='ocrx_word' id='word_1_279' title='bbox 893 3414 950 3501; x_wconf 77' lang='grc' dir='ltr'><strong><em>ρδευ</em></strong></span> <span class='ocrx_word' id='word_1_280' title='bbox 965 3411 1012 3500; x_wconf 76' lang='grc' dir='ltr'><strong><em>δὴ</em></strong></span> <span class='ocrx_word' id='word_1_281' title='bbox 1018 3415 1143 3501; x_wconf 72' lang='grc' dir='ltr'><strong><em>ταύτην</em></strong></span> 
     </span>
    </p>
   </div>
   <div class='ocr_carea' id='block_1_3' title="bbox 0 0 1183 3840">
    <p class='ocr_par' dir='ltr' id='par_1_3' title="bbox 0 0 1183 3840">
     <span class='ocr_line' id='line_1_34' title="bbox 0 0 1183 3840; baseline 0 0"><span class='ocrx_word' id='word_1_282' title='bbox 0 0 1183 3840; x_wconf 95' lang='lat' dir='ltr'><strong><em> </em></strong></span> 
     </span>
    </p>
   </div>
  </div>
 </body>
</html>
