2354 3840
325 203 411 260 ιιο.
443 203 486 259 111.
526 198 624 257 σεε.
657 166 830 264 ι’ω-ἐιιι.
1014 203 1077 268 275

70 363 266 448 σοκρατέειν
289 361 459 451 ἐπενοίθη,
502 359 606 444 πάρεξ
627 366 730 429 Μίνω
749 385 785 427 τε
805 370 868 430 τοῦ
885 366 1074 453 Κνωσσίου,

72 459 125 527 καὶ
140 463 171 526 εί
185 457 229 545 δή
240 483 291 536 τις
306 455 405 534 ἀλλος
418 453 580 543 πρότερος
592 457 716 526 τούτου
725 452 805 547 ἦρξε
815 467 872 548 τῆς
883 457 1075 549 θαλάσσης·

71 562 127 644 τής
142 554 180 624 δδ
201 553 420 643 ἀνθρωπηίης
436 555 616 640 λεγομένης
635 561 752 642 γενεῆς
767 559 987 646 Πολυκράτης
1007 560 1074 627 ἐστί

72 661 219 742 πρῶτος,
242 657 376 733 ἐλπίδας
390 649 516 731 πολλάς
530 657 615 739 ἔχων
628 649 753 740 Ἰωνίης
770 679 805 722 τε
816 658 870 724 καί
882 657 995 745 νήσων
1011 653 1071 741 άρ-

72 758 149 834 ξειν.
180 749 303 839 μαθων
320 745 369 819 ἀν
392 751 496 820 ταῦτά
516 778 575 838 μιν
600 753 843 840 διανοεύμενον
880 754 898 823 ὁ
925 752 1074 843 Ὀροίτης

71 857 203 941 πέμψας
218 850 376 940 ἀγγελίην
387 858 479 937 ἔλεγε
496 853 575 920 τάδε
584 869 602 892 ·“
624 848 771 940 Ὀροίτης
782 855 993 942 Πολυκράτεϊ
1007 847 1072 922 ὦδε

72 954 167 1038 λέγει.
190 951 409 1038 πυνθάνομαι
422 950 654 1038 ἐπιβουλεύειν
668 970 705 1018 σε
717 953 887 1039 πρήγμασι
898 955 1071 1041 μεγάλοισι

69 1051 124 1118 καί
140 1049 291 1137 χρήματά
306 1073 357 1116 τοι
375 1044 437 1114 ούκ
456 1044 539 1114 εἶναι
557 1045 640 1114 κατά
657 1045 698 1115 τά
713 1050 920 1136 φρονήματα.
944 1049 988 1118 σύ
1005 1057 1071 1119 νῦν

69 1142 135 1218 ύδε
150 1148 296 1235 ποιήσας
307 1145 472 1230 όρθύσεις
485 1143 548 1232 μὲν
562 1145 728 1232 σεωυτόν,
744 1146 863 1226 σύσεις
881 1147 917 1216 δὲ
931 1152 986 1218 καί
995 1153 1057 1236 ’ἐμέ
1061 1177 1083 1223 ·,

69 1252 140 1336 ἐμοὶ
154 1247 219 1335 γάρ
233 1243 391 1335 βασιλεύς
405 1245 589 1333 Καμβύσης
604 1246 814 1334 ἐπιβουλεύει
829 1246 998 1334 θάνατον,
1013 1257 1072 1318 καί

68 1375 125 1419 νοι
139 1354 239 1417 τοῦτο
261 1349 488 1433 ἐξαγγέλλεται
508 1349 698 1432 σαφηνέως·
720 1343 763 1413 σε)
784 1353 850 1414 νῦν
863 1348 919 1432 ἐμὲ
935 1349 1065 1435 ἐκκομί-

67 1469 127 1528 σας
144 1444 250 1516 αύτδν
264 1447 320 1515 καί
335 1444 485 1534 χρήματα
500 1441 539 1512 τά
561 1446 624 1530 μὲν
641 1442 753 1514 αύτάν
770 1444 870 1524 αύτδς
885 1452 952 1534 έχε,
973 1446 1015 1515 τά
1030 1451 1067 1516 δὲ

67 1546 123 1632 ε’μέ
144 1549 183 1613 έα
197 1549 300 1630 ἔχειν·
329 1543 458 1611 είνεκέν
480 1568 515 1610 τε
535 1542 713 1628 χρημάτων
730 1542 839 1630 άρξεις
858 1541 989 1632 ἀπάσης
1008 1552 1067 1633 τῆς

61 1638 226 1720 Ἑλλάδος.
261 1647 291 1709 εί
310 1640 348 1708 δέ
367 1663 424 1725 μοι
444 1635 607 1717 ἀπιστέεις
626 1637 666 1707 τά
687 1642 762 1729 περί
785 1647 854 1708 τῶν
876 1642 1064 1729 χρημάτων,

64 1743 199 1826 πέμψον
210 1736 300 1816 ὅστις
310 1762 362 1804 τοι
373 1736 568 1814 πιστότατος
577 1738 734 1822 τυγχάνει
746 1740 828 1824 ἐοίν,
843 1736 888 1829 τῷ
904 1738 968 1824 έγώ
980 1737 1066 1808 ἀπο-

65 1845 157 1922 δέξω.
206 1845 317 1907 Ταῦτα
338 1833 484 1914 ἀκούσας
498 1839 718 1924 Πολυκράτης
737 1835 827 1924 ἥσθη
842 1864 879 1906 τε
893 1840 949 1906 καί
966 1839 1066 1926 ἐβού-
1083 1854 1134 1912 m

63 1949 155 2008 λετο·
177 1942 238 2005 καί
250 1961 333 2020 κως,
355 1939 498 2020 ίμείρετο
512 1931 578 2019 γάρ
598 1935 777 2021 χρημάτων
791 1936 958 2022 μεγάλως,
980 1934 1065 2003 ἀπο-

62 2038 185 2124 πέμπει
212 2039 326 2119 πρύτα
353 2031 585 2118 κατοψόμενον
609 2032 826 2120 Μαιάνδριον
847 2040 1064 2123 Μαιανδρίου

62 2133 171 2221 ἀνδρα
192 2139 260 2199 τῶν
282 2127 408 2213 ἀστῶν,
430 2126 467 2207 ός
487 2132 522 2197 οί
542 2122 587 2217 ἦν
607 2129 868 2218 γραμματιστής·
897 2128 934 2210 ὃς
952 2130 1063 2224 χρόνω

62 2229 105 2300 ού
119 2235 232 2318 πολλῷ
252 2226 395 2314 ὕστερον
408 2227 538 2295 τούτων
557 2226 618 2295 τόν
638 2229 766 2316 κόσμον
786 2226 846 2296 τόν
867 2231 903 2297 ἐκ
925 2237 986 2297 τοῦ
1000 2227 1063 2297 άν-

62 2332 209 2414 δρεάνος
229 2332 290 2393 τοῦ
308 2323 543 2405 Πολυκράτεος
568 2325 666 2391 ἐόντα
692 2322 889 2411 ἀξιοθήητον
916 2321 1063 2412 ἀνέθηκε

60 2427 172 2497 πάντα
193 2427 225 2504 ἐς
241 2422 279 2492 τό
291 2422 438 2509 Ἡραῖον.
472 2421 490 2491 ὁ
513 2424 549 2490 δέ
567 2421 713 2511 Ὀροίτης
735 2421 858 2510 μαθάν
878 2424 938 2491 τόν
958 2428 1062 2494 κατά-

60 2542 190 2594 σκοτιον
217 2521 315 2591 ἐόντα
342 2519 571 2605 προσδόκιμον
596 2522 703 2588 ἐποίεε
729 2522 857 2590 τοιάδε·
892 2523 1061 2610 λάρνακας

60 2618 147 2693 ὀκτά
170 2617 348 2706 πληράσας
370 2624 479 2686 λίθων
505 2614 594 2704 πλήν
616 2617 730 2701 κάρτα·
742 2621 881 2705 βραχέος
899 2627 960 2688 τοῦ
983 2623 1060 2709 περί

59 2717 146 2790 αύτά
170 2716 211 2787 τά
226 2724 352 2805 χείλεα,
375 2719 532 2803 ἐπιπολῆς
548 2723 617 2784 τῶν
636 2723 746 2785 λίθων
766 2716 894 2804 χρυσόν
909 2723 1066 2808 ἐπέβαλε,-

58 2815 248 2904 καταδήσας
263 2813 300 2882 δέ
320 2811 378 2892 τάς
399 2813 567 2899 λάρνακας
591 2812 656 2900 εἶχε
676 2816 815 2901 ἑτοίμας.
850 2813 962 2884 ἐλθύνν
985 2815 1058 2885 δδδ

58 2913 274 3001 Μαιάνδριος
288 2912 343 2980 καί
355 2911 566 2998 θηησάμενος
580 2909 759 3000 ἀπήγγειλε
774 2920 820 3002 τῷ
836 2913 1055 3001 Πολυκράτεϊ.

53 3012 90 3082 ‘0
106 3011 143 3080 δέ
156 3005 264 3078 πολλά
278 3008 340 3095 μὲν
353 3014 422 3076 τῶν
437 3015 586 3094 μαντίων
600 3007 881 3096 ἀπαγορευόντων
896 3008 1002 3078 πολλά
1022 3012 1059 3078 δὲ
1075 3021 1127 3075 124

58 3115 127 3177 τῶν
142 3113 251 3196 φίλων
265 3107 431 3174 ἐστέλλετο
452 3102 553 3185 αύτδς
567 3104 715 3192 ἀπιέναι,
738 3103 822 3194 πρός
837 3108 873 3173 δὲ
894 3108 950 3174 καί
963 3107 1059 3176 ίδού-

55 3202 115 3285 σης
134 3208 192 3287 τῆς
210 3199 381 3287 θυγατρός
398 3197 478 3279 ὄψιν
489 3200 651 3265 ἐνυπνίου
662 3197 812 3285 τοιήνδε·
830 3197 946 3264 ἐδόκεέ
954 3199 989 3265 οί
997 3197 1057 3266 τόν

55 3303 181 3386 πατέρα
198 3300 236 3366 ἐν
252 3303 299 3388 τῷ
309 3293 382 3384 ήέρι
393 3299 560 3383 μετέωρον
578 3297 676 3363 ἐόντα
686 3300 830 3363 λοῦσθαι
842 3295 904 3382 μὲν
915 3292 982 3362 ὑπὸ
994 3300 1057 3362 τού

55 3394 157 3482 Διὸς,
169 3401 323 3482 χρίεσθαι
340 3395 377 3462 δὲ
394 3390 461 3460 ύιιό
480 3398 543 3460 τού
554 3390 679 3461 Ἡλίου.
714 3392 976 3536 ταύτηέβδούσα
994 3390 1056 3478 τήν
