2354 3840
336 179 419 240 ιιι.
453 181 497 236 ιιι.
530 181 627 237 σιν.
658 187 798 247 ει-ιι.
1002 187 1065 255 ιιι

67 331 178 400 bnt·
204 321 244 399 ’λδ
253 336 409 419 βασιλεῦ,
420 330 465 421 μή
477 333 585 403 πάντα
598 331 710 426 ἡλικίη
720 342 775 409 καὶ
784 351 885 435 θυμῷ
898 348 1065 440 ἐπίτραπε,

67 421 136 499 w
150 428 528 516 ίσχεκαέκαταλάμβανε
540 434 705 502 σεωυτόν·
728 433 861 522 άγαθόυ
874 466 906 510 τι
917 444 1066 529 πρόνοον

65 524 171 613 εἶναι,
188 523 297 613 σοφόν
307 527 344 596 δέ
356 524 377 615 ή
389 537 595 616 προμήθεια·
614 528 658 600 σῦ
669 533 706 600 δέ
717 541 854 616 κτείνεις
865 537 927 623 μὲν
940 538 1066 626 ἄνδρας

66 630 218 710 σεωιποῦ
241 625 401 713 πολιήτας
430 622 482 693 ἐπ’
509 623 649 717 οὐδεμιῇ
674 633 760 718 αίτίη
785 628 943 727 άξιόχρεμ
967 640 1062 724 ἑλών,

64 725 204 799 κτείνεις
227 723 264 788 δέ
285 727 420 801 παῖδας·
445 717 490 810 ήυ
510 727 547 793 δέ
567 722 673 795 πολλά
692 735 828 797 τοιαῦτα
848 734 978 822 ποιέῃς,
1000 733 1063 821 όρα

64 812 153 894 ὅκως
173 813 220 902 μή
233 834 294 883 σευ
313 814 557 904 ἀποστήσονται
573 823 708 907 Πέρσαι.
743 824 815 908 ἐμοὶ
841 827 879 893 δὲ
908 828 1016 914 πατήρ
1043 827 1062 899 δ

63 909 124 991 σός
137 918 250 1000 Κῦρος
263 914 447 982 ἐνετέλλετο
461 913 567 985 πολλὰ
582 917 730 985 κελεύων
746 936 784 986 σε
797 924 991 990 νουθετέειν
1005 925 1061 990 καί

64 1004 289 1078 ὑποτίθεσθαι
310 1007 381 1076 ὅτι
401 1005 445 1077 όν
465 1008 608 1097 εὑρίσκω
628 1009 769 1098 άγαθόν.
808 1012 844 1082 ‘0
859 1017 922 1101 μὲν
942 1015 982 1104 δή
1003 1003 1061 1085 εῦζ

63 1110 318 1199 νοιανῆφαίνωυ
342 1106 569 1193 συνεβούλευέ
596 1112 631 1176 oc
654 1115 773 1196 ταῦτα,
806 1106 824 1178 ό
851 1108 884 1177 δ’
909 1109 1059 1199 ἀμείβετο

62 1201 203 1267 τοισίδε·
224 1196 279 1267 Σύ
293 1201 430 1287 καδέμοδ
442 1207 564 1290 τολμᾷς
581 1204 841 1290 συμβουλεύειν,
865 1201 902 1283 ῦς
913 1214 1060 1293 χρηστῶς

61 1298 126 1382 μὲν
138 1293 201 1384 τήν
215 1304 365 1366 σεωυτοῦ
379 1300 520 1383 πατρίδα
534 1297 792 1384 ἐπετρόπευσας,
808 1293 848 1367 εύ
859 1301 896 1368 δέ
906 1308 951 1390 τῷ
961 1300 1061 1387 πατρὶ

61 1404 108 1488 τῷ
123 1398 189 1487 ἐμῷ
204 1395 472 1484 συνεβούλευσας
482 1397 632 1464 κελεύων
646 1393 750 1464 αύτόυ
762 1393 1059 1485 Ἀράξηυποταμόν

62 1493 225 1581 διαβάντα
246 1494 331 1561 ίέναι
357 1492 410 1559 ἐπὶ
435 1492 657 1577 Μασσαγέτας
680 1492 896 1579 βουλομένων
920 1493 1058 1559 ἐκείνων

62 1592 248 1677 διαβαίνειν
261 1590 294 1666 ἐς
308 1586 370 1675 τήν
383 1585 563 1675 ήμετέρηυ,
586 1590 641 1656 καὶ
656 1585 722 1655 ἀπό
736 1589 798 1674 μὲν
812 1584 960 1656 σεωυτόν
976 1587 1058 1657 ὄλε-

61 1705 122 1764 σας
135 1693 192 1772 τής
206 1692 356 1754 σεωυτοῦ
370 1689 526 1771 πατρίδος
540 1691 650 1762 κακῶς
662 1682 823 1772 προστάς,
842 1681 908 1752 άπό
924 1686 960 1752 δέ
975 1685 1053 1753 όόλε-

61 1803 121 1862 σας
134 1790 252 1872 Κῦρον
266 1784 472 1872 πειθόμενόν
485 1803 555 1853 σοι·
578 1781 652 1853 ἀλλ’
668 1783 741 1851 οῦτι
755 1791 897 1869 χαίρων,
919 1787 991 1853 ἐπεί
1004 1809 1055 1853 τοι

60 1881 116 1950 καὶ
135 1879 237 1949 πάλαι
262 1884 296 1961 ἐς
315 1881 352 1950 σέ
374 1880 561 1968 προφάσιός
581 1907 640 1948 τευ
665 1878 805 1966 ἐδεόμην
829 1882 1052 1968 ἐπιλαβέσθαι.

67 1980 177 2046 Ταῦτα
201 1980 238 2046 δδ
260 1988 354 2057 εἶπας
375 1977 540 2063 ἐλάμβανε
562 1973 600 2044 τό
625 1975 722 2056 τόξον
742 1973 786 2054 ὥς
806 1978 1055 2056 κατατοξεύσων

59 2072 183 2161 αὐτόν,
217 2080 360 2161 Κροῖσος
380 2076 416 2142 δέ
432 2070 634 2161 άυαδραμόν
655 2078 732 2142 ἔθεε
746 2075 824 2153 ἐξω·
846 2070 865 2141 ό
887 2070 925 2140 δέ
944 2073 1052 2140 ἐπείτε

57 2175 210 2250 τοξεῦσαι
224 2166 287 2237 οῦκ
301 2167 381 2256 εἶχε,
394 2172 574 2239 ἐνετείλατο
588 2183 672 2238 τοῖσι
687 2170 878 2257 θεράπουσι
891 2168 1054 2256 λαβόντας

59 2290 119 2333 ιιιν
133 2261 332 2333 άπυκτεϊναι.
356 2269 391 2333 ol
404 2263 439 2332 δὲ
455 2267 662 2349 θεράποντες
676 2265 887 2350 ἐπιστάμενοι
901 2260 961 2331 τόν
975 2263 1054 2350 τρό-

57 2384 125 2429 πον
144 2357 248 2428 αὐτοῦ
270 2361 538 2445 κατακρύπτουσι
558 2359 619 2428 τόν
639 2369 803 2446 Κροῖσον,
826 2362 879 2428 ἐκέ
901 2364 984 2449 τῷδε
1006 2364 1053 2449 τῷ

58 2456 147 2547 λόγῳ
162 2454 262 2542 ὥστε,
284 2463 315 2524 εί
326 2458 388 2542 μέν
403 2456 618 2543 μεταμελήσει
631 2462 677 2546 τῷ
690 2455 856 2543 Καμβύση
870 2458 925 2523 καὶ
944 2459 1052 2541 ἐπιζη-

57 2553 150 2640 τήσει
162 2549 223 2620 τόν
235 2559 400 2639 Κροίσου,
421 2558 456 2622 οί
474 2551 511 2621 δέ
525 2553 729 2638 ἐκφήναντες
744 2547 849 2618 αύτόν
863 2554 954 2635 δοῦρα
967 2551 1053 2635 λάμ-

58 2662 178 2729 ψονται
201 2649 344 2736 ζωάγρια
358 2656 525 2743 Κροίσου,
546 2645 591 2734 ήν
611 2651 647 2716 δὲ
668 2646 713 2735 μή
734 2649 950 2734 μεταμέληται
970 2646 1053 2735 μηδὲ

58 2753 150 2836 ποθή
167 2772 242 2832 μιν,
261 2748 337 2816 τότε
351 2754 589 2836 καταχρᾶσθαι.
613 2747 763 2832 ἐπόθησέ
773 2770 809 2813 τε
824 2739 864 2830 δή
881 2740 1045 2831 ὁΚαμβύ

58 2864 118 2930 σης
133 2841 194 2911 τόν
206 2851 353 2931 Κροίσου
374 2844 415 2913 ού
435 2853 548 2935 πολλῷ
563 2846 751 2932 μετέπειτευ
770 2841 880 2931 χρόνῳ
901 2837 1053 2925 ὕστερον,

57 2943 113 3010 καὶ
134 2945 168 3009 οί
187 2943 394 3029 θεράποντες
418 2944 584 3030 μαθόντες
601 2950 700 3011 τοῦτο
724 2936 930 3024 ἐπήγγελλον
953 2935 1054 3028 αύτῷ,

59 3034 104 3115 ὥς
117 3043 255 3124 περιείη.
296 3041 478 3127 Καμβύσης
494 3042 530 3108 δὲ
544 3046 677 3127 Κροίσμ
688 3037 752 3123 μὲν
767 3035 973 3121 συνήδεσθαι
990 3039 1054 3124 ἐφη

57 3132 242 3221 περιεόντι,
265 3137 412 3213 ἐκείνους
426 3138 539 3220 μέντοι
551 3134 631 3212 τοῦς
644 3131 923 3220 περιποιήσαντας
937 3129 979 3229 οῦ
992 3158 1055 3200 κα-
1082 3204 1088 3212 ,

57 3235 309 3318 ταπροΐξεσθαι,
324 3229 397 3300 ἄλλ’
410 3230 640 3302 ἀποκτενέειν·
661 3231 716 3298 καὶ
732 3231 865 3314 ἐποίησε
878 3235 989 3297 ταῦτα.
1016 3226 1054 3298 ’0
1065 3240 1100 3299 37

58 3330 120 3415 μιν
135 3327 175 3415 δή
190 3337 327 3398 τοιαῦτα
341 3329 447 3398 πολλοὶ
466 3335 498 3410 ἐς
508 3333 640 3413 Πέρσας
652 3356 688 3397 τε
703 3329 757 3396 καὶ
772 3325 850 3406 τούς
865 3327 1055 3413 συμμάχους
