2354 3840
142 191 206 257 240
516 195 771 254 HERODOTI

97 372 132 430 ω
144 351 249 422 αὑτὸν
259 355 413 438 Προκλέα
428 356 483 422 καί
494 354 666 441 ἐζώγρησε.
698 350 785 423 Ἐπεὶ
798 352 836 421 δέ
849 360 910 421 τοῦ
923 356 1052 441 χρόνου
1066 378 1139 443 προ-

141 460 317 541 βαίνοντος
340 450 361 521 6'
381 476 417 519 τε
437 456 645 536 Περίανδρος
667 450 859 538 παρηβήκεε
882 452 939 519 καί
963 449 1140 539 συνεγινώ-

142 570 238 618 σκετο
254 552 366 638 ἑωυτῷ
382 545 494 616 οὐκέτι
512 547 597 616 εἶναι
612 546 756 627 δυνατός
769 545 811 616 τά
827 548 1007 637 πρήγματα
1023 553 1139 638 ἐπορᾶν

142 672 177 714 τε
192 649 247 714 καὶ
261 647 404 731 διέπειν,
427 648 558 732 πέμψας
578 649 612 726 ές
630 645 694 734 τὴν
707 649 888 734 Κέρκυραν
907 644 1074 716 ἀπεκάλεε
1087 642 1139 713 τόν

142 744 349 832 Λυκόφρονα
369 747 423 812 ἐπὶ
440 743 505 832 τὴν
517 752 719 832 τυραννίδα·
743 751 781 816 έν
793 744 859 832 γάρ
881 744 985 838 δητρῖ
1000 753 1140 836 πρεσβυ-
1174 751 1177 820 j

142 847 225 933 τέρηι
239 849 307 911 τών
328 842 511 911 παίδων’
472 869 534 912 ουκ
551 847 696 932 ἐνεώρα,
718 841 804 914 ἀλλά
818 848 853 912 οί
866 851 1087 930 κατεφαίνετο
1101 840 1140 911 εί·

142 968 198 1010 ναι
208 942 433 1028 νωθέστερος
454 941 721 1031 ὁδὲΛυκόφροιν
733 941 813 1012 0666
824 940 1022 1041 ὑποκρίσιος
1031 940 1140 1030 ἠξίωσε

142 1037 202 1108 τόν
213 1038 409 1138 φέροντα
372 1068 435 1127 την
445 1039 613 1129 ἀγγελίην.
647 1046 856 1129 Περίανδρος
868 1040 905 1109 δέ
915 1040 1141 1161 περιεχόμενος

141 1164 202 1208 του
188 1126 352 1226 νεηνίεω
368 1141 509 1226 δεύτερα
522 1139 693 1210 ἀπέστειλε
708 1139 761 1210 ἐπ’
777 1138 882 1209 αὑτὸν
895 1138 959 1228 την
968 1138 1142 1229 ἀδελφεὴν,

143 1240 271 1305 ἑαυτοῦ
298 1237 335 1306 δέ
358 1243 548 1328 θυγατέρα,
576 1221 704 1309 δοκέων
727 1267 787 1326 μιν
811 1240 954 1327 μάλιστα
977 1241 1083 1330 ταώτη
1105 1236 1143 1308 ἀν

142 1343 332 1406 πείθεσθαι.
355 1334 559 1424 ἀπικομένης
569 1340 606 1406 δέ
616 1338 739 1424 ταύτης
752 1339 808 1406 καί
822 1338 1002 1424 λεγούσης·
1029 1332 1143 1422 Ὦπαλ,

142 1439 280 1526 βούλεαι
305 1438 367 1526 τήν
387 1465 423 1506 τε
446 1441 631 1525 τυραννίδα
656 1441 689 1517 ἐς
713 1436 835 1516 ἀλλους
858 1439 992 1506 πεσέειν
1014 1431 1145 1504 καὶτὸν

143 1532 237 1601 οίκον
253 1542 315 1601 τοῦ
332 1533 457 1621 πατρὸς
478 1537 730 1621 διαφορηθέντα
750 1540 879 1620 μᾶλλον
896 1529 919 1620 ἢ
938 1530 1043 1612 αὑτός
1063 1553 1145 1619 σφεα

142 1629 317 1698 κατελθών
326 1635 430 1718 έχεινς
446 1631 546 1702 ἀπιθι
562 1634 595 1711 ἐς
609 1629 648 1699 τὰ
664 1636 769 1717 οίκία,
786 1637 913 1698 παῦσαι
928 1628 1080 1699 σεωυτόν
1094 1637 1146 1716 ζη-

143 1735 239 1815 μιών.
270 1732 440 1815 φιλοτιμίη
463 1737 569 1816 κτῆμα
590 1729 726 1798 σκαιόν·
754 1725 799 1814 μὴ
818 1733 865 1819 τῷ
881 1734 974 1818 κακῷ
987 1724 1026 1796 τό
1043 1725 1145 1796 κακόν

143 1834 191 1897 ίώ.
224 1827 341 1894 πολλοὶ
367 1833 435 1894 τών
461 1832 601 1896 δικαίων
625 1824 666 1893 τά
692 1827 914 1913 ἐπιεικέστερα
944 1834 1144 1912 προτιθεῖσι,

142 1927 259 1993 πολλοὶ
270 1922 307 1992 δὲ
320 1920 384 2014 ἤδη
399 1923 439 1992 τοὶ
455 1924 604 2013 μητρώια
619 1924 786 2044 διζήμενοι
801 1920 842 1990 τά
857 1921 1007 2009 πατρώια
1021 1918 1146 2010 ἀπέβα-

143 2033 214 2092 λον.
243 2025 402 2109 τυραννίς
422 2029 531 2109 χρῆμα
552 2019 741 2110 σφαλερόν,
763 2021 880 2090 πολλοὶ
899 2018 996 2088 δέ’
952 2025 1057 2107 αντῆς
1071 2022 1145 2105 έρα-

143 2126 220 2187 σταί
241 2125 320 2204 εἰσι,
342 2117 359 2188 6
383 2119 419 2186 δὲ
434 2121 545 2206 γέρων
565 2145 602 2187 τε
620 2117 684 2206 ηδη
705 2121 761 2187 καὶ
780 2117 999 2205 παρηβηκώς
1019 2144 1065 2205 μη
1053 2113 1146 2208 δώς

142 2215 185 2285 τά
199 2223 357 2285 σεωυτοῦ
364 2215 477 2305 ἀγαθοὶ
493 2217 630 2288 ἀλλοισι.
668 2216 714 2287 Ἡ
722 2217 785 2305 μέν
799 2216 840 2306 δὴ
855 2244 896 2286 τα
884 2215 1145 2304 ἐπαγωγότατα

142 2313 368 2401 διδαχθείσα“
350 2313 417 2384 υπὸ
433 2323 493 2384 τοῦ
507 2314 632 2404 πατρὸς
647 2322 739 2403 ἔλεγε
752 2312 836 2404 πρὸς
847 2312 961 2401 αὑτὸν,
976 2312 995 2383 6
1009 2311 1078 2383 δέ’
1061 2337 1146 2383 υπο-

141 2412 343 2499 κρινάμενος
367 2418 431 2501 ἔφη
460 2412 591 2501 οάδαμά
614 2413 708 2503 ἥξειν
733 2416 765 2493 ές
787 2413 980 2501 Κόρινθον,
1008 2407 1077 2481 ἔστ’
1103 2404 1144 2478 ἀν

141 2509 357 2596 πυνθάνηται
385 2510 562 2599 περιεόντα
585 2509 646 2580 τὸν
671 2512 805 2597 πατέρα.
839 2506 1086 2598 ἀπαγγειλάσης
1111 2505 1144 2574 δέ

12 2686 15 2691 ,
141 2609 263 2693 ταύτης
284 2616 388 2676 ταῦτα
409 2605 446 2676 τό
469 2616 582 2697 τρίτον
603 2607 621 2676 6
641 2612 849 2697 Περίανδρος
873 2607 1003 2696 κήρυκα
1025 2607 1144 2693 πέμπει

7 2722 14 2736 ·
141 2706 348 2793 βουλόμενος
368 2702 468 2784 αὑτός
490 2709 552 2792 μὲν
573 2709 606 2785 ἐς
621 2707 800 2794 Κέρκυραν
822 2703 935 2792 ἥκειν,
958 2705 1089 2772 ἐκεῖνον
1110 2700 1145 2769 δέ

142 2807 273 2874 ἐκέλευε
287 2806 320 2884 ἐς
330 2804 506 2893 Κόρινθον
518 2804 725 2893 ἀπικόμενον
742 2806 899 2892 διάδοχον
913 2802 1075 2891 γενέσθαι
1089 2807 1145 2887 τῆς

140 2907 349 2991 τυραννίδος.
378 2906 635 2984 καταινέσαντος
652 2902 683 2972 δ’
710 2907 763 2974 έπὶ
782 2905 930 2974 τούτοισι
948 2909 1010 2972 τοῦ
1026 2897 1146 2980 παιδός

140 3003 158 3074 6
175 3007 237 3092 μέν
247 3007 455 3092 Περίανδρος
470 3006 636 3072 ἐστέλλετο
652 3007 685 3083 ἐς
697 3003 759 3092 τὴν
769 3006 967 3093 Κέρκυραν,
982 2999 1001 3072 6
1018 3002 1055 3072 δὲ
1068 3013 1144 3080 παις

142 3107 175 3171 oc
188 3104 220 3180 ἐς
234 3100 296 3188 τὴν
310 3102 497 3193 Κόρινθον.
520 3103 687 3192 μαθόντες
702 3104 739 3173 δέ
752 3110 787 3174 oc
794 3112 999 3193 Κερκυραῖοι
1015 3103 1145 3175 τοὺτεον

140 3204 278 3288 ἕκαστα,
299 3204 357 3270 ἵνα
371 3202 417 3292 μη
432 3223 493 3291 σφι
503 3209 711 3293 Περίανδρος
727 3206 760 3284 ές
772 3201 836 3292 την
848 3203 962 3294 χώρην
976 3200 1143 3291 ἀπίκηται,

140 3305 308 3368 κτείνουσι
327 3299 387 3371 τὸν
406 3312 593 3391 νεηνίσκον.
623 3303 696 3373 ἀντὶ
716 3303 847 3373 τούτων
859 3305 923 3392 μέν
936 3310 1145 3395 Περίανδρος

142 3404 371 3485 Κερκυραίους
387 3405 588 3491 ἐτιμωρέετο.
