2340 3832
334 199 795 258 113.1v.cA1>.11-15.
998 194 1059 257 301

64 390 104 450 τη
89 367 212 446 νοτίη
226 360 382 442 θαλάσση
403 352 469 422 ὑπδ
485 358 654 421 Σκυθέων
670 357 883 439 πιεζομένους
898 356 1060 420 ἐκλείπειν

64 455 126 576 τήν
144 458 264 571 χώρην.
298 454 387 522 οὕτω
408 450 449 538 δή
468 444 610 518 οὐδὲ
568 477 666 530 ουτος
690 453 893 538 συμφέρεται
906 453 981 536 περὶ
1001 457 1060 537 τῆς

64 555 171 638 χώρης
187 553 308 637 ταύτης
325 550 492 637 Σκύθησι.

148 654 214 717 Καὶ
232 648 317 716 ὅθεν
331 639 430 734 μὲν
407 672 451 732 ην
465 643 662 732 ΗΑριστέης
648 673 669 712 ο
678 672 780 712 ταυτα
794 646 951 731 ποιήσας,
970 652 1061 726 είρη-
1084 661 1113 711 1⁴

61 765 120 814 κα·
156 745 216 813 τὸν
237 749 273 813 δὲ
293 746 368 831 περὶ
388 741 492 811 αὐτοῦ
510 740 636 828 ήκουον
658 742 761 827 λόγον
782 745 819 810 έν
831 742 1061 832 Προκοννήσῳ

66 850 121 912 καὶ
138 850 286 932 Κυζίκῳ,
308 845 399 921 λέξω,
439 838 609 925 Ἀριστέην
625 838 690 926 γάρ
710 843 861 926 λέγουσι,
879 840 977 907 έόντα
993 845 1061 905 τῶν
1109 872 1110 876 ’

66 941 176 1007 ἀστῶν
192 936 330 1016 οὐδενός
344 943 441 1024 γένος
454 936 711 1025 ὑποδεέστερον,
735 940 917 1030 ἐσελθόντα
932 941 964 1017 ές
978 964 1061 1005 κνα-

65 1042 169 1126 φήιον
180 1042 217 1104 έν
227 1039 456 1126 Προκοννήσῳ
468 1035 666 1123 ἀποθανεῖν,
684 1035 809 1105 καὶτὸν
820 1043 949 1122 κναφέα
960 1062 1062 1105 κατα-

64 1143 245 1222 κληίσαντα
270 1132 307 1200 τό
336 1134 555 1220 ἐργαστήριον
578 1142 729 1220 οἴχεσθαι
754 1132 952 1220 ἀγγελέοντα
976 1149 1061 1201 τοῖσι

65 1233 274 1319 προσήκουσι
290 1238 335 1320 τῷ
350 1238 469 1322 νεκρῷ.
493 1233 738 1317 ἐσκεδασμένου
754 1232 790 1299 δὲ
804 1229 867 1317 ήδη
880 1239 942 1299 τοῦ
957 1231 1060 1317 λόγου

64 1330 130 1399 ἀνά
142 1329 202 1417 τήν
216 1330 316 1399 πόλιν
344 1329 388 1409 ὡς
400 1328 547 1409 τεθνεώς
563 1341 613 1416 είη
627 1328 644 1396 ὁ
658 1328 832 1416 Ἀριστέης,
847 1334 880 1408 ές
891 1328 1061 1416 ἀμφισβα-

65 1438 138 1506 σίας
154 1442 238 1495 τοίσι
254 1432 389 1512 λέγουσι
413 1426 592 1495 ἀπικέσθαι
608 1424 714 1511 ἀνδρα
729 1425 917 1512 Κυζικηνὸν
940 1427 1061 1513 ἥκοντα

66 1531 100 1604 ἐξ
119 1522 276 1610 Ἀρτάκης
297 1525 430 1608 πόλιος,
459 1526 569 1610 φάντα
591 1539 767 1610 συντυχεῖν
790 1529 830 1592 τέ
849 1530 883 1591 οί
903 1525 988 1593 ίόντι
1009 1528 1061 1593 ἐπὶ

66 1629 212 1702 Κυζίκου
227 1625 281 1688 καὶ
295 1624 328 1699 ές
343 1623 466 1707 λόγους
482 1619 671 1690 ἀπικέσθαι.
695 1627 749 1689 καὶ
762 1631 882 1690 τοῦτον
893 1627 955 1709 μὲν
971 1628 1061 1691 έντε-

65 1721 213 1805 ταμένως
227 1716 481 1806 ἀμφισβατέειν,
503 1717 582 1796 τούς
596 1721 632 1785 δὲ
652 1719 879 1805 προσήκοντας
894 1727 939 1809 τῷ
953 1724 1061 1808 νεκρῷ

65 1819 119 1885 ἐπὶ
132 1816 167 1883 τδ
180 1816 348 1902 κναφήιον
357 1830 512 1903 παρεῖναι
523 1822 656 1900 ἔχοντας
667 1813 706 1882 τά
719 1815 896 1901 πρόσφορα
909 1814 953 1892 ὡς
963 1813 1060 1881 ἀναι-

66 1917 280 2001 ρησομένους.
303 1911 517 1999 ἀνοιχθέντος
530 1912 567 1980 δὲ
582 1919 643 1981 τοῦ
659 1912 833 1999 οἰκήματος
850 1910 927 1978 οὔτε
940 1920 1060 1977 τεθνε-

66 2019 132 2077 ῶτα
148 2011 224 2076 οὔτε
242 2011 366 2090 ζώοντα
381 2017 563 2095 φαίνεσθαι
576 2007 753 2095 Ἀριστέην.
777 2007 857 2095 μετά
879 2011 914 2075 δέ
930 2007 1059 2096 ἑβδόμῳ

64 2112 131 2174 ἔτεϊ
151 2111 299 2191 φανέντα
326 2098 418 2184 αὖτις
446 2116 478 2186 ές
497 2107 740 2193 Προκόννησον
760 2114 895 2191 ποιήσαι
917 2105 956 2173 τά
979 2110 1058 2172 ἔπεα

65 2210 184 2287 ταῦτα,
199 2201 239 2269 τά
251 2211 316 2269 νῦν
328 2202 387 2270 ὑπ’
398 2202 565 2291 Ἐλλήνων
579 2203 778 2292 Ἀριμάσπεα
789 2211 948 2290 καλέεται,
962 2203 1060 2289 ποιή-

64 2323 168 2368 σαντα
181 2301 216 2367 δὲ
227 2298 456 2388 ἀφανισθῆναι
469 2302 507 2372 τό
522 2305 688 2390 δεύτερον.
712 2308 887 2388 ταῦταμὲν
898 2311 934 2372 αί
945 2305 1057 2381 πόλιες
1074 2328 1104 2377 10

64 2393 163 2467 αὗται
182 2405 332 2486 λέγουσι,
353 2405 432 2470 τάδε
452 2403 489 2470 δέ
513 2398 587 2470 οἶδα
607 2409 889 2470 Μεταποντίνοισι
914 2417 997 2470 τοῖσι
1022 2405 1058 2469 έν

61 2495 177 2584 Ἰταλίη
192 2499 448 2584 συγκυρήσαντα
462 2498 543 2585 μετά
564 2499 625 2586 τήν
641 2498 803 2585 ἀφάνισιν
819 2498 881 2586 τήν
899 2503 1058 2586 δευτέρην

60 2590 215 2678 Ἀριστέω
239 2598 324 2660 ἔτεσι
353 2595 595 2678 τεσσεράκοντα
619 2595 675 2662 καί
698 2601 909 2682 διηκοσίοισι,
934 2594 978 2674 ὡς
993 2592 1055 2682 έγά

63 2689 334 2775 συμβαλλόμενος
349 2697 386 2758 έν
400 2693 628 2781 Προκοννήσῳ
644 2696 748 2759 τεκαὶ
764 2685 985 2784 Μεταποντίῳ
1000 2690 1058 2759 εὕ-

62 2807 187 2873 ρισκον.
233 2797 483 2858 Μεταποντῖνοί
497 2810 580 2875 φασι
600 2787 704 2856 αὐτὸν
722 2788 890 2875 Ἀριστέην
910 2791 1057 2875 φανέντα

61 2908 122 2971 σφι
144 2888 176 2964 ές
195 2885 257 3004 τήν
275 2889 388 2975 χώρην
407 2896 560 2956 κελεῦσαι
580 2887 697 2975 βωμόν
714 2886 896 2954 Ἀπόλλωνι
918 2886 1057 2969 ίδρόσα·

60 2994 142 3051 σθαι
153 2986 206 3048 καλ
228 2979 382 3067 Ἀριστέω
399 3009 459 3051 του
445 2991 725 3069 Προκοννησίου
737 2988 930 3103 ἐπωνυμίην
941 2989 1056 3068 έχοντα

59 3079 243 3163 ἀνδριάντα
254 3079 327 3165 παρ’
341 3079 445 3147 αὐτὸν
456 3088 588 3166 στήσαι·
604 3082 710 3166 φάναι
721 3081 785 3168 γάρ
797 3100 858 3166 σφι
868 3077 928 3147 τὸν
938 3078 1051 3148 Ἀπόλ-

58 3190 150 3248 λωνα
164 3150 387 3246 Ἰταλιωτέων
385 3178 541 3263 μοννοισι
556 3179 597 3266 δή
614 3179 794 3246 ἀπικέσθαι
809 3177 893 3257 ές
857 3205 919 3264 την
933 3179 1054 3265 χώρην,

59 3281 114 3344 καὶ
129 3274 229 3353 αὐτός
245 3281 278 3342 οἱ
291 3280 432 3344 ἕπεσθαι
448 3274 466 3344 ὁ
482 3284 547 3344 νῦν
563 3276 628 3344 έων
638 3275 811 3395 Ἀριστέης.
834 3275 907 3342 τότε
923 3275 1021 3361 δέ,”
1002 3303 1056 3342 οτε

60 3378 168 3441 εἵπετο
183 3379 229 3456 τῷ
243 3381 330 3462 θεῷ,
354 3371 437 3440 εἶναι
452 3375 564 3456 κόραξ.
588 3372 690 3440 καὶ
657 3400 717 3439 τον
731 3377 792 3456 μὲν
807 3381 1067 3440 &mmmm
