2340 3832
134 222 192 285 192
530 218 778 277 HERODOTI

126 383 280 469 βασιλέα,
306 379 491 466 δεδήλωταί
508 401 565 462 μοι
580 377 728 463 πρόσθε·
756 378 845 444 Πανὶ
869 375 906 443 δὲ
930 381 978 444 ότι
1003 374 1130 442 τούτων

127 482 251 548 πλέονα
265 478 394 563 λέγεται
410 473 505 560 εἶναι,
523 473 683 564 Λιονύσφ
701 470 733 540 δ’
750 471 903 558 ἐλάχιστα
918 471 1059 557 τούτων,
1078 475 1128 539 καλ

127 579 234 668 τούτῳ
266 580 513 660 πεντακισχίλια
544 577 599 641 καὶ
629 573 734 660 μύρια
762 579 949 659 λογίζονται
985 571 1072 640 εἶναι
1100 574 1131 641 ἐ·

121 678 261 764 Ἄμασιν
282 678 427 763 βασιλέα.
471 676 649 743 καὶταῦτα
667 674 845 760 Αἰγύπτιοι
866 673 1030 763 ἀτρεκέως
1051 676 1132 760 φασὶ

127 780 341 859 ἐπίστασθαι,
371 779 438 841 αἰεί
457 798 492 840 τε
509 773 716 860 λογιζόμενοι
739 775 794 842 καλ
812 776 875 843 αἰεὶ
890 771 1131 861 ἀπογραφόμε-
1153 856 1159 867 ¹

128 896 182 940 νοι
199 868 239 938 τά
255 876 337 938 ἔτεα.
375 871 536 963 Διονύσῳ
550 875 611 957 μέν
626 898 691 939 νυν
705 877 751 963 τῷ
769 875 805 940 έκ
820 870 970 960 Σεμέλης
984 878 1043 959 τῆς
1057 871 1131 940 Κά-

127 973 213 1056 δμον
233 970 401 1062 λεγομένῳ
423 971 583 1057 γενέσθαι
603 967 686 1036 κατά
708 969 862 1050 ἑξακόσια
879 974 953 1038 ἔτεα
973 970 1029 1037 καὶ
1043 975 1130 1055 χίλια

125 1066 267 1154 μάλιστά
288 1069 356 1135 ἐστι
379 1069 412 1146 ές
431 1068 504 1154 ἐμὲ,
527 1064 685 1155 ἩρακλέλΙ
708 1066 744 1135 δὲ
769 1074 814 1159 τῷ
839 1066 1024 1155 Ἀλκμήνης
1046 1063 1129 1136 κατὰ

128 1165 297 1233 εἰνακόσια
330 1171 423 1255 ἔτεα,
457 1168 548 1238 Πανὶ
575 1162 613 1234 δέ·
638 1167 686 1257 τῷ
716 1167 915 1253 Πηνελόπης
937 1169 988 1252 (ἐκ
1007 1166 1131 1251 ταύτης

125 1261 190 1351 γάρ
210 1265 265 1332 καὶ
283 1261 408 1350 Ἑρμέω
421 1267 549 1350 λέγεται
565 1264 724 1349 γενέσθαι
742 1261 808 1330 ὑπὸ
819 1260 1020 1352 Ἑλλήνωνδ
1037 1261 1129 1346 Πάν)

126 1359 255 1428 ἐλάσσω
270 1359 343 1427 ἔτεά
358 1361 426 1428 ἐστι
439 1367 507 1428 τῶν
523 1367 693 1447 Τρωικῶν,
716 1358 799 1427 κατὰ
813 1358 853 1427 τά
868 1358 1048 1429 ὀκτακόσια
1062 1359 1130 1446 μά-

30 1448 34 1459 “
61 1472 109 1527 146
125 1466 220 1526 λιστα
236 1461 268 1535 ἐς
285 1459 350 1542 έμέ.
397 1457 535 1525 Τούτων
551 1451 600 1525 όν
615 1455 815 1546 ἀμφοτέρων
830 1459 969 1546 πάρεστι
982 1463 1130 1545 χρᾶσθαι

125 1562 212 1624 τοῖσί
229 1581 278 1633 τις
299 1561 445 1623 πείσεται
470 1560 679 1642 λεγομένοισι
704 1563 848 1642 μᾶλλον·
882 1557 953 1642 έμολ
980 1551 1012 1622 δ’
1038 1546 1127 1640 όνῆ

124 1655 201 1741 περὶ
215 1650 327 1720 αὐτόν
342 1651 460 1740 γνύμη
476 1652 702 1722 ἀποδέδεκται.
735 1661 765 1722 ελ
776 1657 839 1741 μέν
853 1652 918 1742 γάρ
936 1659 1083 1741 φανεροί
1094 1677 1129 1721 τε

126 1752 280 1835 ἐγένοντο
308 1753 363 1819 καὶ
388 1751 619 1840 κατεγήρασαν
649 1753 705 1820 καὶ
736 1745 829 1820 οὗτοι
860 1753 897 1820 έν
921 1759 961 1841 τῇ
983 1750 1129 1837 Ἑλλάδι,

125 1849 208 1917 κατά
224 1847 478 1938 περἩρακλέης
497 1848 515 1919 ὁ
532 1853 564 1932 ἐξ
580 1848 832 1938 ’Λμφιτρύωνος
851 1850 1051 1936 γενόμενος,
1075 1850 1130 1916 καὶ

125 1947 166 2035 δὴ
181 1952 236 2016 καλ
250 1948 420 2026 Διόνυσος
435 1946 452 2018 ὁ
470 1953 506 2016 ἐκ
520 1953 668 2035 Σεμέλης
682 1950 737 2016 καὶ
750 1945 827 2014 Πάν
844 1945 862 2016 ὁ
879 1948 915 2015 έκ
929 1946 1130 2033 Πηνελόπης

125 2048 322 2134 γενόμενος,
345 2054 409 2135 ἔφη
430 2046 474 2115 ἀν
494 2075 547 2126 τις
564 2051 619 2117 καὶ
632 2049 774 2126 τούτους
788 2046 910 2127 ἀλλους
924 2046 1129 2134 γενομένους

125 2145 250 2234 ἀνδρας
272 2152 358 2232 ἔχειν
378 2145 418 2215 τά
437 2146 762 2244 ἐκείνωνοούνόματα
782 2155 850 2216 τῶν
872 2148 1129 2236 προγεγονότων

123 2253 232 2314 θεῶν·
256 2253 322 2312 νῦν
337 2248 373 2313 δὲ
387 2246 562 2314 Διόνυσόν
575 2273 610 2315 τε
624 2251 759 2333 λέγουσι
774 2253 810 2316 ολ
825 2246 982 2334 Ἕλληνες
1004 2245 1048 2325 ὡς
1065 2243 1129 2314 αύ-

123 2349 198 2412 τίκα
223 2342 409 2430 γενόμενον
438 2346 472 2424 ἐς
499 2342 558 2412 τόν
586 2343 696 2433 μηρόν
728 2346 933 2434 ἐνερράψατο
959 2343 1045 2425 Ζεύς
1073 2347 1128 2411 καλ

123 2442 236 2531 ἤνεικε
253 2446 286 2522 ές
299 2450 422 2513 Νύσαν
445 2443 507 2532 τὴν
528 2444 613 2533 ὑπὲρ
629 2447 805 2532 Αἰγύπτου
820 2450 943 2513 ἐοῦσαν
959 2447 995 2512 ἐν
1009 2451 1050 2534 τῇ
1065 2450 1128 2512 Αλ-

123 2550 258 2631 διοτίη,
287 2547 343 2612 καὶ
356 2546 471 2625 Πανός
484 2572 522 2630 γε
535 2549 612 2632 πέρι
626 2545 689 2614 ούκ
704 2552 816 2633 έχουσι
831 2551 935 2612 εἰπεῖν
949 2543 1013 2632 ὅκῃ
1029 2543 1127 2631 ἐτρά-

122 2664 201 2708 πετο
216 2641 406 2727 γενόμενος.
438 2647 521 2730 δῆλα
538 2637 587 2712 όν
601 2671 658 2730 μοι
672 2648 800 2731 γέγονε,
823 2641 875 2711 ότι
886 2641 1029 2728 ὕστερον
1044 2641 1140 2709 έπύ-,

121 2749 226 2807 θοντο
245 2736 440 2822 ολἝλληνες
457 2741 587 2808 τούτων
601 2739 641 2808 τά
657 2739 829 2828 ούνόματα
843 2734 917 2825 ἢτά
931 2745 1000 2805 τῶν
1015 2737 1127 2807 ἀλλων

69 2835 70 2838 '
120 2844 222 2904 θεῶν.
256 2833 314 2903 ἀπ’
333 2827 376 2902 οὗ
392 2836 429 2902 δὲ
444 2837 613 2903 ἐπύθοντο
628 2837 765 2925 χρόνον,
788 2833 853 2902 ἀπό
870 2834 993 2902 τούτου
1008 2861 1128 2922 γενεη-

121 2937 276 3022 λογέουσι
291 2930 403 3001 αὐτῶν
417 2931 479 3019 την
494 2937 635 3018 γένεσιν.

56 3052 104 3109 147
210 3040 320 3100 Ταῦτα
342 3036 404 3118 μέν
428 3059 494 3100 νυν
516 3031 611 3100 αὐτοὶ
631 3033 811 3118 Αἰγύπτιοι
831 3036 983 3118 λέγουσι,
1005 3029 1071 3099 ὅσα
1091 3033 1127 3098 δὲ

122 3135 157 3200 οἵ
182 3157 217 3197 τε
242 3129 337 3198 ἀλλοι
363 3129 541 3217 ἀνθρωττοι
566 3133 621 3199 καὶ
641 3130 821 3216 Αἰγύπτιοι
843 3133 978 3215 λέγουσι
1003 3128 1127 3216 όμολο·

121 3232 253 3317 γέοντες
267 3243 352 3296 τοῖσι
368 3227 497 3298 ἀλλοισι
512 3227 595 3298 κατά
609 3230 735 3316 ταύτην
749 3226 811 3315 τὴν
825 3228 938 3316 γύρην
953 3232 1125 3314 γενέσθαι,

120 3327 215 3423 ταῦθ
231 3324 294 3415 ἤδη
310 3328 444 3415 φράσω·
467 3332 646 3417 προσέσται
662 3330 702 3397 δέ
713 3353 744 3394 τι
759 3325 889 3395 αύτολσι
905 3327 1033 3412 καὶτῆς
1048 3329 1127 3412 ἐμῆς

119 3425 224 3508 όνιος,
273 3423 577 3512 Ἐλενθερωθόντες
598 3425 778 3512 Αἰγύπτιοι
791 3421 874 3512 μετά
896 3421 957 3491 τόν
973 3424 1047 3509 ἱρέα
1065 3430 1127 3490 τοῦ
