2354 3840
327 227 410 285 LIB.
443 229 474 284 ss.
515 228 613 285 CAP.
645 235 820 288 141—145
1012 228 1070 291 191

60 383 98 454 τό
120 387 269 473 μέγαρον
290 354 434 455 ἔσω-ἐόν
460 387 545 471 μέγα
572 387 773 472 ἐξηρίθμεον
797 387 989 467 δεικνύντες
1010 413 1069 454 κο-

60 480 206 562 λοσσοὺς
226 487 384 564 ξυλίνους
404 483 604 568 τοσούτους,
632 479 801 571 όσονςπερ
835 482 947 552 εἰπον·
974 481 1069 571 ἀρχι-

60 579 142 664 ρεδς
161 578 227 667 γὰρ
248 583 385 661 ἕκαστος
407 579 532 650 αότόθι
554 583 684 649 ἵσταται
702 582 755 649 ἐπὶ
775 588 833 668 τῆς
850 584 978 650 ἑωυτοῦ
994 582 1068 668 ζόης

60 678 176 748 εἰκόνα
191 681 334 747 ἑωυτοῦ·
356 676 576 766 ἀριθμέοντες
593 671 642 746 ὦν
655 681 711 747 καί
728 679 920 759 δεικνύντες
934 685 969 748 οἰ
982 681 1069 765 ἱρέες

59 781 133 864 ἐμοὶ
147 775 394 847 ἀπεδείκνυσαν
404 781 507 845 παῖδα
520 775 645 864 πατρὸς
660 778 795 846 ἑωυτῶν
806 780 946 847 ἕκαστον
957 777 1066 864 έόντα,

38 868 97 943 ’έκ
110 881 173 943 τοῦ
187 873 325 963 ἄγχιστα
340 873 577 955 ἀποθανόντος
590 883 648 961 τῆς
671 875 801 956 εἰκόνος
815 876 995 957 διεξιόντες
1009 874 1065 943 διά

57 975 213 1058 πασέων,
235 975 268 1052 ές
282 970 303 1041 δ’
317 971 480 1054 ἀπέδεξαν
494 971 625 1053 ἁπάσας
642 971 753 1054 αότός.
785 973 944 1067 Ἑκαταίῳ
959 975 995 1043 δέ
1009 1000 1066 1061 γε-

58 1073 303 1160 νεηλογήσαντι
324 1071 452 1143 έωντόν
472 1075 528 1141 καί
548 1070 753 1160 ἀναδήσαντι
776 1075 809 1153 ές
831 1074 1065 1143 ἑκκαιδέκατον

53 1169 145 1268 ,θεόν
159 1169 486 1261 ἀντεγενεηλόγησαν
502 1175 555 1242 έπί
567 1181 608 1263 τῇ
625 1171 805 1261 ἀριθμήσι,
829 1172 870 1243 οό
891 1174 1065 1260 δεκόμενοι

58 1268 140 1355 παρ’
164 1268 271 1339 αὐτοῦ
284 1269 351 1343 ἀπό
365 1281 453 1343 θεοῦ
466 1275 627 1360 γενέσθαι
641 1272 843 1362 ἄνθρωπον·
867 1273 1065 1361 ἀντεγενεη-

58 1371 208 1458 λόγησαν
223 1373 260 1440 δὲ
275 1364 350 1460 ὦδε,
374 1373 520 1460 φόμενοι
534 1376 757 1442 ἕκαστοντῶν
772 1379 945 1442 κολοσσόν
958 1379 1065 1460 πίρω-

59 1499 119 1559 μιν
134 1476 172 1540 &a
186 1472 350 1560 πιριίμιος
366 1475 560 1561 γεγονέναι,
583 1476 617 1553 ές
637 1471 658 1542 δ
670 1471 751 1554 τοὺς
766 1476 864 1541 πέντε
880 1475 936 1541 καί
949 1491 1064 1540 τεσσε-

59 1572 208 1661 ράκοντα
229 1574 285 1641 καί
303 1580 516 1660 τριηκοσίους
532 1570 696 1655 ἀπέδεξαν
716 1569 901 1650 κολοσσοὺς
917 1578 1064 1659 πίρωμιν

59 1674 95 1738 ἐκ
109 1670 275 1756 πιρείμιος
289 1671 493 1758 γενόμενον,
523 1675 579 1740 καί
592 1670 670 1740 ου’τε
685 1675 718 1751 ἐς
730 1671 817 1741 θεὸν
832 1668 908 1738 οότε
923 1673 956 1750 ές
970 1668 1065 1757 ἥρωα

58 1765 227 1853 ἀνέδησαν
248 1765 381 1849 αὐτούς.
419 1777 562 1859 πίρωμις
576 1773 617 1839 δέ
628 1773 696 1838 έστι
709 1766 783 1837 κατ’
796 1768 937 1838 Ἑλλάδα
953 1774 1064 1855 γλῶσ·

58 1889 123 1936 σαν
149 1865 250 1947 καλός
274 1866 434 1956 κάγαθός.
472 1868 559 1956 Ἤδη
584 1862 633 1938 όν
656 1860 725 1937 τόν
750 1873 786 1936 αἰ
812 1867 939 1947 εἰκόνες
962 1859 1062 1952 ἦσαν,
1077 1884 1129 1940 144

56 1967 232 2046 τοιοότονς
247 1963 495 2038 ἀπεδείκνυσάν
510 1987 615 2055 σφεας
628 1969 756 2046 πάντας
770 1966 896 2052 ἐόντας,
917 1972 1012 2034 θεῶν
1026 1965 1063 2032 δέ

57 2062 186 2144 πολλόν
206 2062 493 2153 ἀπηλλαγμένους.
541 2063 578 2135 τό
596 2069 632 2134 δὲ
649 2066 815 2153 πρότερον
835 2069 904 2131 τῶν
927 2059 1064 2149 ἀνδρῶν

57 2163 188 2232 τούτων
210 2162 316 2244 θεοὺς
341 2164 426 2234 εἰναι
453 2165 533 2245 τούς
560 2167 598 2234 έν
619 2166 780 2256 Αἰγύπτῳ
799 2162 981 2252 ἄρχοντας,
1012 2169 1063 2232 οἰ-

56 2267 195 2341 κέοντας
209 2260 277 2349 ἅμα
290 2278 376 2332 τοῖσι
387 2261 613 2352 ἀνθρώποισι,
635 2267 690 2332 καί
701 2263 833 2331 τούτων
846 2265 911 2331 αἰεί
928 2265 988 2330 ἕνα
1001 2259 1063 2330 τόν

56 2361 240 2445 κρατέοντα
263 2359 367 2431 εἰναι·
395 2359 542 2430 όστατον
563 2364 598 2431 δὲ
619 2359 721 2448 αὐτῆς
741 2369 936 2448 βασιλεῦσαι
957 2355 1061 2445 Ὧρον

55 2455 117 2524 τόν
137 2455 277 2545 Ὀσίριος
290 2465 411 2547 παῖδα,
438 2458 500 2529 τόν
522 2458 714 2530 Ἀπόλλωνα
732 2458 888 2544 Ἕλληνες
911 2454 1062 2542 οὐνομά-

57 2565 170 2639 ζουσι·
212 2568 334 2629 τοῦτον
375 2563 637 2630 καταπαύσαντα
679 2566 828 2647 Τυφῶνα
866 2563 1062 2645 βασιλεῦσαι

55 2653 203 2723 ὕστατον
216 2660 401 2744 Αἰγύπτου.
433 2659 562 2748 Ὄσιρις
575 2663 616 2728 δέ
629 2662 698 2729 ἐστι
715 2658 886 2737 Διόνυσος
897 2654 970 2726 κατ’
988 2654 1063 2724 Ἑλ·-

56 2756 142 2827 adea
157 2762 320 2838 γλῶσσαν.

138 2850 333 2940 ἘνἝίλησι
350 2859 412 2941 μέν
427 2881 493 2923 νυν
507 2856 667 2923 νεώτατοι
681 2861 750 2923 τῶν
764 2860 858 2922 θεῶν
872 2858 1063 2938 νομίζονται
1078 2876 1125 2928 ιις

56 2949 142 3020 εἰναι
157 2948 339 3037 Ἠρακλέης
352 2978 388 3019 τε
408 2955 464 3020 καί
480 2952 651 3033 Διόνυσος
666 2953 721 3020 καί
733 2950 828 3038 Πάν,
850 2946 931 3035 παρ’
953 2953 1063 3033 Αἰγυ-

55 3055 180 3117 πτίοισι
210 3049 247 3118 δὲ
272 3047 351 3119 Πάν
378 3053 440 3137 μὲν
465 3049 682 3139 ἀρχαιότατος
707 3053 853 3119 καὶτῶν
877 3046 964 3117 όκτοδ
994 3053 1061 3114 τῶν

54 3148 200 3234 προέτων
216 3151 408 3234 λεγομένων
422 3155 532 3234 θεῶν,
560 3147 743 3237 Ἡρακλέης
760 3173 796 3216 τε
812 3153 880 3216 τῶν
895 3147 1062 3229 δευτέρων

54 3253 124 3315 τοῖν
138 3247 293 3315 δυόδεκα
313 3251 505 3336 λεγομένων
520 3247 623 3336 εἰναι,
652 3248 823 3328 Διόνυσος
845 3251 880 3318 δὲ
902 3254 971 3315 τῶν
990 3251 1063 3335 τρί-

54 3369 140 3428 των,
163 3350 198 3410 οἳ
212 3345 249 3413 έκ
265 3351 333 3413 τῶν
349 3347 503 3414 δυόδεκα
519 3352 614 3415 θεῶν
628 3347 791 3433 ἐγένοντο.
830 3344 989 3432 Ἡρακλέι
1000 3344 1062 3428 μὲν

56 3443 97 3525 δη
126 3438 189 3507 ὅσα
215 3437 309 3510 αὐτοὶ
334 3443 519 3529 Αἰγύπτιοί
540 3463 624 3530 φασι
649 3442 735 3514 εἰναι
761 3448 834 3514 έτεα
864 3446 898 3524 ές
919 3442 1062 3530 Ἀμυσιν
1094 3507 1097 3512 .
