2354 3840
563 84 571 115 λ

224 203 309 260 m.
342 203 373 259 11.
409 203 506 260 σου.
539 208 627 262 64-
637 207 680 262 οι.
859 197 958 264 -149

44 358 135 440 ς·τό
157 355 228 427 0'”
207 386 251 426 αν
267 360 407 446 έλκύση,
430 365 528 426 τοῦτο
549 364 589 445 τῇ
611 364 787 454 μελεδωνῷ
806 366 875 429 τάν
888 369 956 448 θη-

57 461 159 524 άισοί
187 454 208 544 ἡ
231 454 263 523 δ’
288 453 361 523 ἀντ’
379 452 484 522 αύιού
505 454 678 540 τάμνουσα
700 462 798 543 ἰχθῦς
821 458 955 577 παρέηει

44 583 56 618 ι
79 568 164 623 τοίσι
188 563 347 642 θηρίοισι
382 551 490 640 τροφὴ
517 551 580 638 μὲν
601 551 641 640 σὴ
664 553 794 624 αύτολσι
816 555 954 644 τοιαύτη

43 655 180 720 έσεκται·
209 650 247 720 τὸ
274 650 356 719 6¹*
334 678 377 719 αν
400 672 449 727 τις
470 655 539 715 τῶν
561 655 695 736 θηρίων
716 651 847 720 τούτων
869 650 949 719 ἀπο-

43 776 76 837 η,
97 745 144 837 ἢν
156 749 219 836 μέν
245 747 348 870 έκύγ,
368 749 518 825 θάνατος
536 743 557 833 ἡ
578 752 689 834 ζημίη,
711 743 812 835 ηνᾶέ
832 745 952 850 ἀέκων

43 856 98 916 ’νει
119 854 253 936 ζημίην,
281 845 344 935 τὴν
369 844 470 915 άνοί
491 848 576 933 ίρέες
598 848 769 926 τάξωνται.
806 844 931 927 ὁςιί’”
909 874 953 916 αν

43 944 50 1032 f
67 956 166 1032 ἰρηκα
181 944 414 1035 άιτοκτείνη,”
391 972 436 1032 ην
448 971 483 1012 τε
498 940 616 1012 §now
593 970 636 1031 ην
647 970 682 1013 τε
693 941 812 1035 ἀέκων,
827 949 953 1016 τεθνά-

43 1048 157 1135 υάγκη.
201 1055 344 1118 Πολλῶν
364 1051 400 1115 δὲ
420 1047 546 1115 ἐόντων
562 1051 631 1112 τῶν
651 1041 852 1132 ὁμοτρόφων
866 1061 951 1115 τοῖσι
966 1062 1002 1120 σε

43 1149 160 1217 ω’ποισι
173 1156 305 1237 θηρίων
325 1154 437 1239 πολλῷ
460 1142 504 1212 άν
521 1151 567 1213 έιι
590 1149 679 1212 πλέω
700 1148 842 1232 ἐγίνετο,
864 1153 895 1216 εἰ
905 1143 951 1234 ’μή

43 1247 176 1334 Ὶάμβανε
197 1245 276 1327 τούς
300 1246 497 1332 αἰελούρους
521 1243 642 1311 τοιάδε.
667 1241 768 1312 έπεάν
782 1249 901 1314 τέκωσι
918 1249 955 1313 αἱ

43 1374 84 1433 ιι,
107 1346 218 1416 οὐκέτι
233 1352 405 1435 φοιτέουσι
419 1342 509 1432 παρά
526 1341 606 1422 τούς
623 1349 775 1432 ἔρσενας·
798 1349 832 1413 οἰ
845 1345 881 1414 δὲ
898 1350 951 1413 σι-

42 1473 80 1513 ὀι
103 1455 281 1534 μίσγεσθαι
302 1444 421 1534 αύτῇσι
439 1440 501 1511 ούκ
523 1448 643 1529 ἔχουσι.
676 1440 760 1530 πρὸς
782 1435 831 1511 ύν
847 1449 952 1511 ταῦτα

42 1561 139 1612 ὀνται
152 1547 248 1615 τάδε·
267 1544 469 1630 ἁρπάζοντες
483 1539 548 1610 άπὸ
559 1548 628 1609 τῶν
638 1547 774 1629 θηλέων
783 1547 839 1612 καὶ
849 1542 952 1613 ύπαι-

42 1667 103 1709 ενοι
118 1642 158 1711 τά
179 1647 279 1712 τέκνα
293 1649 479 1728 κτείνουσι,
501 1646 688 1719 κτείναντες
702 1646 815 1729 μέντοι
830 1640 871 1712 ού
886 1666 952 1709 πα-

42 1766 85 1807 αι.
118 1746 154 1808 αἰ
180 1745 217 1810 δὲ
242 1743 493 1830 στερισκόμεναι
514 1747 582 1809 τῶν
605 1743 749 1830 τέκνων,
776 1743 888 1813 ἀλλων
916 1744 952 1811 δέ

42 1838 201 1924 ιμέουσαι,
217 1838 305 1907 οὕτω
319 1837 360 1926 δὴ
372 1837 586 1908 ἀπικνέονται
599 1838 690 1927 παρά
704 1839 784 1921 τούς
798 1847 949 1930 ἔρσενας·

42 1959 149 2002 τεκνον
157 1931 221 2019 γάρ
233 1934 270 2003 τὰ
282 1942 416 2022 θηρίον.
441 1944 605 2024 πυρκαϊῆς
620 1939 656 2005 δὲ
675 1944 857 2028 γενομένης
873 1952 951 2010 θεία

42 2059 123 2116 ματα
144 2035 391 2122 καταλαμβάνει
412 2032 492 2113 τούς
512 2034 725 2119 αἰελούρους·
751 2040 786 2105 οἰ
803 2035 865 2122 μέν
885 2034 950 2123 γάρ

42 2155 126 2200 ττιοι
149 2135 342 2215 διαστάντες
364 2131 517 2220 φυλακάς
538 2139 650 2220 ἔχουσι
666 2140 733 2202 τάν
753 2137 950 2226 αἰελούρων,

41 2230 169 2319 ἱσαντες
190 2236 373 2322 σβεννύναι
394 2232 431 2301 τὰ
455 2233 652 2321 καιόμενον,
675 2239 709 2302 οἰ
732 2236 768 2305 δὲ
784 2240 952 2326 αἰέλουροι

41 2333 142 2412 ἱοντες
156 2337 211 2403 καί
226 2333 527 2455 ὑπερθρώσκοντες
541 2331 620 2412 τούς
634 2332 839 2422 ἀνθρώπους
853 2337 953 2405 έσάλ-

41 2458 61 2498 ιι
89 2429 180 2509 ές
145 2459 182 2500 το
208 2439 287 2520 κύρ.
319 2441 423 2502 ταῦτα
444 2435 480 2502 δὲ
499 2434 662 2521 γινόμενα
677 2438 805 2503 πένθεα
824 2434 952 2521 μεγάλα

41 2535 241 2614 Αἰγυπτίους
254 2531 571 2618 καταλαμβάνειν
534 2527 783 2599 ένὺ”τέοισισ
761 2557 805 2598 αν
819 2537 952 2600 οἰκίοισι

41 2651 119 2712 υρος
133 2625 292 2718 άποθάνη
313 2627 378 2696 ἀπὸ
394 2636 456 2697 τού
473 2626 679 2716 αὐτομάτου,
702 2632 737 2696 οί
750 2631 952 2706 ἐνοικέοντες

41 2749 68 2802 ες
84 2723 306 2808 ξυρέουται
270 2752 328 2804 τας
343 2723 452 2811 ὀφρύς
467 2725 613 2811 μούνας,
630 2749 697 2810 παρ
703 2723 850 2796 ’ὁτέοισι
864 2722 893 2792 δ’
908 2720 954 2792 άν

48 2874 57 2908 ,
79 2829 147 2889 πᾶν
167 2821 204 2890 τό
227 2831 321 2911 σῶμα
342 2828 397 2892 καί
417 2822 479 2912 τὴν
499 2823 659 2911 κεφαλήν.
701 2822 899 2910 Ἀττάγονται
915 2826 950 2890 δὲ
964 2833 998 2892 ολ

41 2924 164 3008 ἔλουροι
180 2918 412 2999 ἀποθανόντες
427 2923 459 2999 ές
474 2919 548 3008 ἰράς
560 2924 686 3006 στέγας,
702 2926 787 2989 ἔνθα
797 2920 951 2989 θάπτον-

40 3019 285 3104 αριχευθέυτες,
308 3022 345 3087 ἐν
358 3018 527 3107 Βουβάστι
542 3017 635 3086 πόλι·
657 3015 715 3096 τάς
736 3021 773 3085 δὲ
793 3017 898 3096 κύνας
913 3020 951 3085 έν

40 3120 135 3180 υτύυ
155 3117 288 3183 ἕκαστοι
303 3116 382 3184 πόλι
395 3115 566 3184 θάπτουσι
581 3119 618 3182 έν
632 3118 721 3203 ίρῇσι
735 3114 870 3204 θήκησι.
906 3110 950 3193 ὡς

40 3209 108 3289 ’τως
122 3219 196 3301 τῇσι
211 3215 289 3281 κυσί
310 3219 344 3282 οἰ
359 3215 505 3298 ἰχνευταὶ
521 3212 717 3279 θάπτονται.
751 3209 809 3290 τάς
830 3213 867 3280 δὲ
884 3239 950 3298 μυ-

40 3306 341 3398 ιςκαίτούςίρηκας
355 3309 522 3396 ἀπάγουσι
539 3311 571 3387 ἐς
586 3314 739 3376 Βουτοῦν
754 3308 871 3394 πόλιν,
891 3304 951 3386 τάς

40 3433 64 3485 ις
82 3409 114 3484 ές
122 3405 247 3496 Ἑρμέω
262 3409 370 3478 πόλιν.
393 3406 452 3487 τάς
466 3412 502 3476 δὲ
517 3403 660 3496 άρκτους
674 3406 793 3485 έούσας
810 3411 951 3485 σπανίας
