2354 3840
138 184 201 246 ³42
517 188 767 248 HERODOTI

137 369 201 431 περ
212 347 336 413 ἐκεῖναι
348 337 450 433 ἦσαν·
463 345 606 424 τούτους
616 343 653 415 δδ
664 348 990 431 στρατοπεδεύεσθαι
1001 355 1138 438 πλησίον

138 445 277 513 ἐκείνων
291 445 346 512 καὶ
360 445 488 512 ποιέειν
510 439 615 527 τόπερ
642 437 688 508 δν
703 445 759 512 καί
777 445 902 513 έκείναι
916 449 1075 533 ποιέωσι,
1097 441 1138 532 ἦν

137 541 174 610 δέ
190 538 314 621 αὐτοὺς
334 540 498 627 διοόιιωσι,
519 537 686 627 μα’χεσθαι
706 539 769 625 μέν
783 538 846 629 μὴ,
868 540 1080 630 ὑποφεύγειν
1094 547 1136 630 δέ,

137 637 240 710 έπεάν
257 639 294 708 δέ
315 639 527 724 παύσωνται,
550 635 713 716 ἐλθόντας
735 634 859 720 αὐτούς
874 648 1020 728 πλησίου
1041 661 1136 728 στρα-

136 737 388 806 τοπεδεύεσθαι.
410 741 515 804 ταῦτα
525 735 770 821 έβουλεόσαντο
780 739 817 805 οί
823 737 963 806 Σκύθαι
972 737 1135 826 βουλόμε·

71 851 120 905 112
134 863 189 906 νοι
212 838 245 917 ἐξ
265 832 396 904 αὐτέων
419 838 540 913 παῖδας
556 833 806 922 ἐκγενήσεσθαι.
847 833 1136 925 Ἀποπεμφθέντες

136 935 173 1004 δέ
187 939 223 1004 οί
236 939 407 1021 νεηνίσκοι
421 936 557 1004 ἐποίευν
566 930 607 1002 τὰ
622 935 848 1020 ἐντεταλμένα.
872 937 994 1013 έπεέδὲ
1010 941 1136 1024 ἔμαθον

136 1030 260 1112 αὐτοὺς
285 1036 322 1102 αί
342 1030 517 1120 Ἀμαζόνες
538 1029 591 1101 ἐπ’
618 1029 757 1122 οὐδεμιῇ
781 1033 900 1122 δηλήσι
922 1031 1135 1121 ἀπιγμένους,

136 1138 202 1200 έων
215 1137 360 1221 χαίρειν,
372 1130 605 1219 προσεχώρεον
620 1131 656 1200 δέ
667 1135 888 1222 πλησιαιτέρω
901 1131 938 1202 τό
954 1134 1135 1222 στρατόπε-

136 1235 198 1300 δον
216 1238 263 1322 τῷ
284 1231 496 1320 στρατοπέδῳ
513 1226 566 1298 ἐπ’
589 1225 696 1319 ἡμέρη
717 1229 847 1319 έκάστη.
871 1228 959 1318 ἐίχον
980 1233 1016 1300 δὲ
1037 1229 1135 1301 οὐδὲν

135 1326 210 1398 οὐδ’
234 1334 268 1398 οί
286 1336 472 1416 νεηνίσκοι,
495 1327 606 1415 ὥσπερ
624 1326 761 1400 οὐδέἀί
775 1327 965 1415 Ἀμαζόνες,
989 1334 1020 1397 εί
1037 1325 1084 1416 μὴ
1097 1320 1134 1396 εδ

133 1425 220 1499 ὅπλα
237 1429 293 1497 καὶ
305 1426 384 1506 τούς
399 1431 538 1514 ἵππους,
550 1425 639 1496 ἀλλά
652 1426 730 1514 ζόην
741 1432 843 1508 ἔζωον
856 1423 920 1514 τὴν
930 1423 1039 1515 αὐτὴν
1053 1429 1135 1497 έκεί-

68 1537 116 1591 113
133 1547 227 1615 νησι,
253 1526 461 1614 θηρεύοντές
484 1553 521 1596 τε
545 1528 601 1596 καί
624 1526 821 1614 ληιζόμενοι.
862 1523 1014 1596 Ἐποίευν
1043 1530 1081 1597 δὲ
1103 1529 1136 1595 αί

129 1620 305 1710 Ἀμαζόνες
319 1625 353 1703 ἐς
364 1620 429 1711 τὴν
441 1631 651 1711 μεσαμβρίην
664 1621 812 1692 τοιόνδε·
831 1624 992 1709 -έγίνοντο
1006 1625 1134 1712 σπορό-

132 1727 187 1802 δες
203 1720 287 1790 κατὰ
304 1728 385 1809 μίαν
403 1749 441 1791 τε
462 1725 518 1793 καί
534 1722 616 1809 δυό,
637 1722 754 1809 πρόσω
776 1717 817 1808 δὴ
841 1717 900 1789 ἀπ’
914 1719 1090 1808 ἀλληλέων
1104 1725 1134 1801 ἐς

132 1816 313 1909 εὐμαρείην
330 1816 625 1908 ἀποσκιδνάμεναι.
648 1818 817 1906 μαθόντες
831 1819 868 1887 δέ
882 1822 938 1887 καί
951 1826 988 1890 oi
996 1822 1133 1893 Σκύθαι

132 1914 505 1989 έποίευντύυτδτούτο.
530 1924 589 1988 καί
597 1944 648 1998 τις
657 1920 919 2004 μουνωθεισέων
929 1920 996 1987 τινὶ
1005 1918 1132 1988 αὐτέων

131 2017 378 2104 ἐνεχρίμπτετο,
394 2019 449 2084 καί
462 2015 484 2104 ἡ
495 2013 643 2104 Ἀμαζδν
657 2013 720 2085 οὐκ
731 2011 922 2101 ἀπωθέετο,
937 2012 1024 2084 ἀλλὰ
1041 2041 1132 2102 περι-

131 2120 198 2184 εῖδε
212 2113 410 2201 χρήσασθαι.
433 2117 489 2185 καί
503 2122 658 2202 φωνῆσαι
672 2113 734 2201 μέν
749 2110 812 2182 οὐκ
826 2109 892 2199 είχε
904 2110 963 2198 (οὐ
974 2110 1041 2203 γάρ
1052 2136 1131 2183 συν-

131 2218 226 2281 ίεσαν
247 2208 431 2299 ἀλλήλων),
452 2219 493 2301 τῇ
515 2213 552 2280 δὲ
571 2216 656 2298 χειρὶ
676 2217 797 2298 ἔφραζε
818 2213 851 2290 ἐς
871 2207 933 2297 τὴν
954 2209 1130 2300 ὑστεραίην

131 2309 246 2378 ἐλθεῖν
265 2311 299 2388 ἐς
313 2305 421 2378 τάυτδ
442 2317 566 2397 χωρίον
586 2311 642 2378 καὶ
657 2311 772 2393 ἕτερον
789 2306 902 2394 ἀγειν,
924 2318 1130 2396 σημαίνουσα

131 2410 194 2478 δύο
214 2411 374 2494 γενέσθαι
397 2409 452 2477 καὶ
476 2406 560 2496 αὐτὴ
583 2410 699 2495 ἑτέρην
720 2406 820 2489 ἀξειν.
854 2405 934 2478 ὁδί
959 2417 1130 2496 νεηνίσκος

130 2509 200 2577 έπεί
221 2505 370 2594 ἀπῆλθε,
400 2511 488 2588 ἔλεξε
508 2515 612 2576 ταῦτα
637 2504 721 2595 πρός
746 2505 825 2586 τούς
845 2508 1003 2587 λοιπούς·
1035 2517 1076 2601 τῇ
1097 2509 1129 2579 δλ

130 2603 289 2692 ὐστεραίη
302 2597 389 2692 ἦλθε
410 2608 443 2683 ές
456 2603 494 2672 τδ
509 2613 632 2693 χωρίον
647 2603 747 2685 αὐτός
767 2631 802 2673 τε
823 2599 922 2686 οὗτος
941 2610 997 2675 καί
1018 2611 1129 2692 ἕτερον

128 2695 207 2790 ἦγε,
229 2699 361 2788 κοίτην
372 2698 532 2789 Ἀμαζόνα
548 2697 626 2788 εὗρε
643 2707 804 2793 δευτέρην
818 2700 925 2793 αὐτὴν
939 2702 1130 2793 ὑπομένου-

129 2820 202 2868 σαν.
236 2804 270 2868 οί
295 2800 331 2869 δὲ
350 2802 461 2869 λοιποί
485 2809 657 2890 νεηνίσκοι
677 2801 721 2881 ὡς
743 2803 912 2872 έπόθοντο
932 2811 1056 2890 ταῦτα,
1077 2804 1130 2872 καί

62 2915 113 2972 114
129 2895 223 2967 αὐτοὶ
245 2900 465 2968 ἐκτιλώσαντο
486 2897 546 2979 τοὶς
562 2898 681 2979 λοιπὰς
700 2907 768 2968 τῶν
785 2899 983 2988 Ἀμαζόνων.
1034 2898 1130 2970 Μετὰ

130 2996 166 3065 δέ
187 3000 406 3083 συμμίξαντες
426 2995 467 3066 τά
494 2999 700 3087 στρατόπεδα
726 3009 838 3068 οίκεον
862 2997 965 3087 ὁμοῦ,
986 3014 1130 3086 γυναῖκα

129 3099 214 3179 έχων
232 3095 368 3172 ἕκαστος
382 3096 526 3184 ταύτην,
541 3103 581 3186 τῇ
596 3095 633 3166 τό
652 3103 786 3184 πρῶτον
799 3103 995 3185 συνεμίχθη.
1019 3095 1083 3186 τὴν
1097 3095 1131 3165 δέ

129 3189 249 3278 φωνὴν
264 3191 328 3279 τὴν
344 3193 406 3280 μὲν
421 3200 490 3261 τοῖν
505 3201 680 3279 γυναικῶν
702 3200 737 3262 οί
753 3193 875 3282 ἀνδρες
891 3192 955 3264 οὐκ
972 3198 1131 3265 έδυνεατο

128 3302 268 3377 μαθεῖν,
290 3288 353 3379 τὴν
378 3293 414 3362 δέ
438 3301 507 3361 τῶν
531 3292 668 3378 ἀνδρῶν
695 3299 732 3364 ac
748 3309 906 3381 γυναῖκες
931 3299 1130 3384 συνέλαβον.

128 3389 199 3457 ἐπεὶ
213 3389 249 3455 δέ
270 3395 423 3477 συνῆκαν
446 3388 616 3478 ἀλλήλοιν,
639 3395 754 3473 ἔλεξαν
770 3390 854 3479 πρὸς
875 3389 934 3472 τὰς
951 3389 1133 3479 Ἀμαζόνας
