2354 3840
277 258 279 262 ,
330 209 417 268 ΗΒ.
446 212 477 271 ιι
511 210 609 270 CAP.
644 218 783 273 ιε-ιι.
1017 206 1077 273 12³

68 373 149 436 τίνα
162 372 319 452 γλῶσσαν
332 367 470 456 πρώτην
484 364 660 456 ύκήσουσι.
692 367 766 439 ἄλλ’
783 371 861 440 οὔτε
871 377 1078 458 Αἰγυπτίους

71 465 182 534 δοκέω
198 461 267 551 ἅμα
287 471 334 556 τῷ
349 472 460 534 Δέλτα
476 471 523 557 τῷ
543 462 604 532 ὑπ’
624 464 747 534 Ἰώνων
769 471 960 559 καλεομένῳ
981 469 1077 554 γενέ-

70 577 173 653 σθαι,
195 570 263 634 αἰεί
289 589 326 633 τε
354 564 439 633 εἰναι
460 567 493 646 ἐξ
521 556 565 633 ού
588 564 784 654 ἀνθρώπων
807 569 906 654 γένος
932 570 1075 653 ἐγένετο,

69 661 258 752 προϊούσης
277 662 316 730 δὲ
332 669 391 749 τῆς
409 662 521 750 χώρης
539 662 687 743 πολλούς
706 665 770 751 μὲν
791 663 872 745 τούς
892 663 1076 734 ὑπολειπο-

69 763 197 847 μένους
209 756 323 828 αύτών
337 761 514 846 γενέσθαι,
541 758 688 839 πολλούς
701 763 740 830 δέ
752 759 833 842 τούς
848 761 1077 849 ὑποκαταβαί-

68 884 202 937 νοντας.
237 855 276 925 τὸ
297 856 330 925 δ’
356 851 406 926 ών
425 857 529 926 πύλαι
549 863 586 926 αἰ
599 865 708 946 Θῆβαι
723 869 894 948 Αίγυκτος
912 862 1075 944 ἐκαλέετο,

69 965 129 1046 τῆς
151 953 190 1025 τὸ
214 961 415 1043 περίμετρον
434 954 568 1023 στώδιοί
585 961 649 1024 εἰσι
673 966 779 1026 εἰκοσι
799 962 855 1027 καί
879 956 999 1027 ἑκατὸν
1020 960 1075 1025 καὶ

70 1057 290 1140 ἑξακισχίλιοι.
335 1058 379 1120 Ee
399 1045 449 1122 ών
470 1049 565 1140 ἡμεῖς
586 1049 700 1140 ὀρθῶς
726 1057 803 1143 περὶ
831 1053 945 1123 αὐτῶν
970 1054 1076 1142 γινώ-
1091 1069 1124 1122 16

70 1175 214 1237 σκομεν,
226 1147 343 1230 Ἴωνες
358 1149 421 1218 ούκ
435 1144 476 1218 εὖ
493 1153 677 1236 φρονέουσι
694 1154 771 1238 περὶ
784 1151 975 1238 Αἰγύπτου·
994 1159 1024 1221 εἰ
1039 1153 1076 1220 δὲ

69 1251 160 1339 ὀρθή
174 1252 243 1319 ἐστι
259 1247 280 1338 ἡ
294 1257 363 1318 τών
377 1248 500 1319 Ἰώνων
512 1251 641 1337 γνώμη,
654 1248 819 1338 Ἕλληνάς
832 1277 868 1319 τε
881 1254 937 1319 καλ
952 1248 1076 1330 αὐτούς

62 1355 181 1430 Ἴωνας
208 1348 430 1439 ἀποδείκνυμι
454 1349 518 1420 ούκ
544 1352 785 1437 ἐπισταμένους
809 1356 1015 1437 λογίζεσθαι,
1043 1354 1077 1417 οἳ

69 1470 153 1539 φασι
176 1453 252 1536 τρία
275 1447 378 1535 μόρια
403 1447 489 1517 εἰναι
516 1456 581 1536 γῆν
607 1455 735 1535 πᾶσαν,
763 1445 935 1536 Εὐρώπην
957 1474 994 1517 τε
1020 1451 1075 1516 καὶ

65 1547 178 1635 Ἀσίην
195 1548 251 1614 καί
266 1546 408 1633 Λιβύην.
448 1549 606 1632 τέταρτον
626 1546 692 1633 γύρ
707 1565 813 1632 σφεας
827 1551 881 1615 δεῖ
891 1551 1073 1630 προσλογί-

69 1652 185 1727 ζεσθαι
201 1642 377 1730 Αἰγύπτου
391 1641 428 1712 τό
442 1647 570 1731 Δέλτα,
594 1651 626 1713 εἰ
645 1644 728 1732 μήτε
748 1645 790 1731 γέ
808 1647 876 1712 ἐστι
892 1651 950 1731 τῆς
967 1642 1075 1728 Ἀσίης

68 1740 150 1831 μήτε
170 1747 228 1829 τῆς
249 1740 396 1830 Λιβύης·
428 1739 471 1810 ού
489 1739 556 1828 γὰρ
581 1738 621 1830 δὴ
643 1739 661 1810 ὁ
686 1740 810 1820 Νεῖλός
835 1750 875 1827 γέ
898 1744 967 1810 ἐστι
990 1737 1072 1808 κατα

67 1847 189 1907 τοῦτον
215 1836 276 1906 τὸν
299 1837 403 1925 λόγον
428 1835 446 1906 ὁ
472 1835 536 1925 τὴν
555 1835 669 1924 Ἀσίην
690 1835 835 1926 οὐρίζων
854 1844 912 1924 τῆς
933 1835 1071 1924 Λιβύης.

68 1945 128 2004 τοῦ
152 1938 264 2007 Δέλτα
292 1938 329 2004 δέ
353 1935 476 2004 τούτου
500 1933 584 2004 κατύ
610 1933 647 2003 τὸ
674 1931 735 2015 ὀξύ
763 1933 1027 2022 περιρρήγνυται
1054 1930 1071 2000 ὁ

66 2047 205 2122 Νεῖλος,
235 2037 321 2104 ώστε
343 2039 446 2127 ἐντῷ
467 2034 590 2122 μεταξύ
609 2034 717 2124 Ἀσίης
738 2061 773 2104 τε
793 2036 849 2103 καὶ
869 2032 998 2121 Λιβύης
1019 2039 1073 2118 γί-

65 2162 140 2205 νοιτ
175 2163 227 2204 αν.

149 2236 214 2302 Καὶ
227 2231 291 2320 τὴν
304 2233 366 2320 μὲν
377 2231 500 2303 Ἰώνων
515 2234 653 2323 γνώμην
669 2232 825 2320 ἀπίεμεν,
847 2230 940 2321 ἡμεῖς
956 2232 991 2300 δὲ
1007 2221 1074 2299 ώδέ
1087 2240 1119 2295 17

66 2360 109 2422 κη
126 2331 350 2420 περὶτούτων
375 2337 533 2421 λέγομεν,
561 2341 735 2421 Αἰγυττον
760 2333 823 2417 μὲν
849 2338 961 2398 πᾶσαν
987 2329 1071 2397 εἶναι

65 2428 193 2515 ταύτην
206 2425 269 2515 τὴν
283 2426 344 2497 ὑπ’
368 2435 564 2517 Αἰγυπτίων
580 2433 776 2514 οἰκεομένην
809 2431 956 2512 κατάπερ
975 2435 1071 2495 Κιλι-

64 2535 144 2615 κίην
162 2525 225 2614 τὴν
245 2524 312 2595 ύττό
334 2535 483 2596 Κιλίκων
504 2531 560 2596 καί
580 2526 759 2614 Ἀσσυρίην
779 2524 842 2614 τὴν
862 2523 929 2593 ὑπὸ
952 2523 1072 2593 Ἀσσυ-

64 2632 166 2711 ρίων,
190 2623 335 2711 οὔρισμα
356 2625 394 2694 δέ
416 2624 507 2715 Ἀσίη
526 2629 583 2693 καί
599 2625 711 2715 Λιβύη
729 2631 869 2713 οἰδαμεν
892 2621 992 2693 οὐδέν
1013 2621 1071 2692 έὸν

63 2720 160 2813 ὀρθῷ
174 2719 263 2813 λύγῳ
278 2719 366 2809 εἰμὴ
382 2722 462 2802 τούς
476 2730 671 2811 Αἰγυπτίων
682 2723 822 2812 ούρους·
851 2731 882 2793 εἰ
895 2728 931 2792 δὲ
948 2731 993 2814 τῷ
1008 2720 1067 2793 ὑπ’

57 2816 229 2904 Ἑλλήνων
255 2825 485 2912 νενομισμένην
511 2821 722 2909 χρησόμεθα,
755 2825 933 2908 νομιεύμεν
961 2831 1069 2906 Αἰγυ-

63 2940 149 2985 πτον
169 2923 282 2985 πᾶσαν
296 2916 487 3005 ἀρξαμένην
506 2917 572 2987 ἀπὸ
595 2920 829 2988 Καταδούπων
848 2945 884 2987 τε
905 2922 960 2986 καί
980 2915 1068 2985 Ἐλε-

62 3023 227 3103 φαντίνης
247 3017 363 3097 πόλιος
383 3023 458 3104 δίχα
478 3020 687 3107 διαιρέεσθαι
708 3021 763 3088 καί
784 3016 984 3105 ἀμφοτέρων
1000 3024 1069 3086 τών

60 3116 283 3202 ἐπωνυμιέων
303 3121 455 3202 έχεσδαι·
487 3114 528 3184 τὰ
547 3119 610 3204 μέν
628 3113 696 3202 γὰρ
711 3114 814 3202 αὐτῆς
834 3113 919 3183 εἶναι
933 3122 991 3203 τῆς
1006 3123 1069 3184 Αι-

60 3212 165 3302 ῥύης,
187 3210 227 3280 τὰ
244 3213 281 3282 δέ
295 3220 352 3300 τῆς
363 3213 480 3301 Ἀσίης.
519 3211 674 3302 ὁγάρδη
693 3222 814 3314 Νείλος
831 3211 1016 3301 ἀρξάμενος
1030 3216 1068 3282 ἐκ

58 3321 131 3384 τών
144 3313 378 3382 Καταδούπων
399 3315 467 3400 δέει
486 3316 592 3402 μέσην
608 3325 784 3402 Αἰγυπτον
805 3320 924 3400 σχίζων
945 3318 978 3394 ές
997 3314 1067 3383 δώ-

59 3421 200 3482 λασσαν.
245 3415 338 3500 μέχρι
361 3416 423 3500 μέν
447 3440 514 3480 νυν
536 3413 763 3498 Κερκασώρου
787 3413 903 3489 πόλιος
926 3414 994 3496 ῥέει
1021 3407 1067 3489 εἷς
