2340 3832
122 186 185 246 302
497 190 747 248 HERODOTI

124 342 371 431 ἀφανισθῆναι,
393 351 497 432 σφέας
518 345 553 413 δέ
568 354 817 419 Μεταποντῖνοι
836 355 987 438 λέγουσι
1002 358 1127 435 έςΛελ·

124 441 210 530 φούς
233 448 425 530 πέμψαντας
447 442 611 512 τὸνθεόν
634 446 834 533 ἐπειρωτᾶν,
858 446 882 516 ὅ
901 448 1000 519 τιτὸ
1022 450 1127 538 φάσμα

124 550 183 611 τοῦ
201 540 388 628 άνθρύπου
404 552 463 627 εἴη.
486 540 548 628 τήν
564 544 599 608 δὲ
613 547 752 627 Πυθίην
765 548 875 629 σφέας
889 546 1053 617 κελεύειν
1064 552 1126 615 πεί·

122 652 248 709 θεσθαι
269 648 315 728 τῷ
337 641 501 725 φάσματι,
529 640 761 725 πειθομένοισι
785 639 822 707 δέ
848 640 1002 727 ἄμεινον
1021 650 1126 711 συνοί·

123 749 252 807 σεσθαι.
285 741 340 805 καὶ
354 741 457 822 σφέας
478 740 682 821 δεξαμένους.
692 744 795 805 ταῦτα
810 746 956 824 ποιῆσαι
975 744 1124 809 ἐπιτελέα.

124 840 178 903 καὶ
193 844 258 903 νῦν
273 839 388 923 ἕστηκε
398 834 536 922 άνδριδς
550 838 743 918 ἐπωνυμίην
757 840 843 919 ἔχων
863 830 1034 922 Ἀριστέω
1054 832 1124 921 παρ’
1160 829 1162 897 ἶ

124 933 213 1024 αύτῷ
236 940 283 1022 τῷ
310 930 474 1019 ἀγάλματι
498 939 559 999 τοῦ
579 929 804 1016 Ἀπόλλωνος,
834 934 935 1017 πέριξ
967 935 1006 1001 δὲ
1032 930 1124 1001 αὐτόν

125 1030 250 1114 δάφναι
265 1033 387 1116 ἑστᾶσι,
399 1029 436 1099 τδ
449 1035 485 1098 δὲ
500 1028 630 1115 άγαλμα
644 1033 682 1097 έν
691 1036 732 1116 τῇ
745 1026 853 1117 άγορῇ
863 1032 1020 1117 ἵδρυται.
1046 1029 1123 1117 Ἀρι-

123 1129 207 1194 στέω
237 1130 298 1212 μέν
312 1154 378 1194 νυν
392 1130 467 1215 πέρι
481 1133 625 1196 τοσαῦτα
641 1127 796 1213 εἰρήσθω.

79 1238 109 1291 16
211 1233 277 1314 Τῆς
288 1228 324 1294 δέ
339 1233 409 1312 γῆς,
424 1233 483 1311 τῆς
492 1228 568 1313 πέρι
581 1223 669 1293 ὅδεό
683 1224 782 1310 λόγος
793 1221 949 1312 ὥρμηται
960 1230 1122 1313 λέγεσθαι,

123 1323 232 1402 οὐδεὶς
252 1322 320 1391 οἶδε
342 1321 519 1411 ἀτρεκέως,
538 1323 649 1393 ὅτιτὸ
662 1323 858 1407 κατύπερθέ
876 1324 969 1390 ἐστι·
994 1320 1123 1401 οὐδενός

122 1421 186 1510 γάρ
203 1422 242 1509 δή
258 1420 429 1491 αὐτόπτεω
446 1424 568 1490 εἰδέναι
588 1424 741 1507 φαμένου
761 1418 913 1505 δύναμαι
934 1425 1121 1491 πυθέσθαι·

122 1519 201 1589 οὐδὲ
215 1517 279 1605 γὰρ
294 1517 373 1588 ούδέ
384 1518 564 1606 Ἀριστέης,
593 1524 718 1608 τοῦπερ
740 1514 841 1607 ὀλίγη)
858 1517 1042 1607 πρότερον
1053 1518 1121 1587 τού-

123 1642 190 1685 των
203 1615 338 1702 μνήμην
352 1617 544 1704 ἐποιεύμην,
560 1615 639 1685 ούδὲ
649 1608 747 1694 ούτος
760 1618 972 1703 προσωτέρω
984 1614 1120 1705 Ἰσσηδό-

123 1742 193 1783 νων
217 1719 254 1783 έν
273 1713 402 1784 αύτοῑσι
425 1733 510 1786 τοῖσι
535 1724 627 1786 ἔπεσι
652 1720 777 1785 ποιέων
800 1722 908 1802 ἔφησε
930 1717 1119 1803 ἀπικέσθαι,

124 1812 206 1883 ἄλλα
231 1813 272 1882 τά
292 1816 483 1900 κατύπερθε
507 1822 599 1902 έλεγε
619 1812 720 1903 άκοή,
742 1811 809 1900 φάς
825 1811 1029 1900 Ἰσσηδόνας
1046 1815 1119 1885 εἶναι

123 1911 201 1991 τούς
213 1921 317 1980 ταῦτα
331 1916 496 2000 λέγοντας.
520 1909 594 1980 ἀλλ’
611 1910 695 1981 ὅσον
710 1914 772 1997 μὲν
785 1906 879 1996 ἡμεῖς
891 1908 1065 1997 ἀτρεκέως
1076 1912 1119 1979 ίπλ

121 2009 329 2096 μακρότατον
340 2006 407 2079 οἷοί
417 2008 447 2078 τ’
464 2011 649 2097 ἐγενόμεθα
660 2008 745 2097 άκοῇ
756 2010 938 2097 ἐξικέσθαι,
951 2018 1029 2079 πάν
1039 2008 1118 2097 είρή-

78 2122 106 2175 17
124 2125 223 2172 σεται.
264 2105 342 2175 Ἀπδ
364 2116 424 2176 τοῦ
439 2112 730 2197 Βορυσθενειτέων
746 2110 910 2193 έμπορίου
927 2115 1050 2197 (τοῦτο
1064 2104 1117 2194 γὰρ

121 2209 190 2270 τῶν
203 2213 488 2289 παραθαλασσίων
502 2207 699 2294 μεσαίτατόν
713 2209 781 2275 ἐστι
794 2204 905 2291 πάσης
919 2215 984 2293 τῆς
994 2216 1116 2277 Σκυθι·

122 2304 213 2387 κῆς),
236 2298 301 2368 άπδ
322 2303 444 2372 τούτου
465 2313 590 2393 πρῶτοι
612 2309 812 2381 Καλλιπίδαι
831 2307 1000 2390 νέμονται
1020 2307 1115 2379 έόντιλ

114 2398 268 2485 Ἕλληνες
283 2404 436 2489 Σκύθαι,
452 2402 537 2491 ὑπὲρ
552 2408 588 2471 δέ
601 2404 730 2471 τούτων
744 2401 825 2471 άλλο
839 2408 964 2489 έθνος,
982 2411 1022 2474 οἳ
1034 2402 1115 2471 ’Ala-

123 2501 221 2574 ξύνες
234 2502 416 2568 καλέονται.
439 2494 532 2569 οὗτοι
544 2502 580 2569 δέ
591 2503 647 2569 καλ
657 2506 691 2569 ολ
699 2504 901 2571 Καλλιπίδαι
911 2499 954 2569 τά
967 2506 1036 2589 μέν
1045 2499 1115 2569 ἅλλα

122 2591 204 2658 κατὰ
222 2592 324 2661 ταύτὰ
335 2599 493 2689 Σκύθησι
505 2603 713 2685 ἐπασκέουσι,
726 2614 819 2667 σῖτον
830 2598 867 2666 δὲ
876 2603 935 2668 καλ
948 2608 1115 2688 σπείρουσι

122 2694 176 2758 καλ
193 2696 371 2781 σιτέονται,
386 2703 440 2766 καλ
454 2701 609 2786 κρόμμυα
623 2703 677 2766 καὶ
692 2698 839 2785 σκόροδα
853 2700 909 2765 καλ
919 2696 1059 2783 φακούς
1071 2694 1114 2763 ινδ

120 2794 287 2879 κέγχρους.
314 2792 395 2883 ὑπὲρ
413 2800 448 2864 δὲ
466 2797 658 2879 Ἀλαζόνων
674 2801 819 2864 οἰκέουσι
836 2795 980 2864 Σκύθαι
1005 2788 1114 2880 άρυτῆ·

121 2915 190 2975 ρες,
214 2896 248 2957 οἳ
270 2888 333 2959 ούκ
358 2895 410 2960 έπλ
431 2893 540 2981 σιτήσι
562 2901 736 2981 σπείρουσι
755 2891 816 2962 τόν
835 2907 948 2978 σῖτον,
972 2890 1053 2963 ἀλλ’
1073 2888 1114 2959 ἐπέ

120 2985 230 3072 πρήσι.
254 2987 382 3056 τούτων
394 2991 430 3057 δέ
442 2990 635 3075 κατύπερθε
645 2993 793 3058 οἰκέουσι
804 2994 950 3072 Νευροί,
976 2992 1114 3077 Νευρῶν

120 3084 156 3148 δέ
166 3080 203 3149 τό
214 3080 299 3166 πρός
308 3088 432 3171 βορέην
446 3084 571 3173 ἄνεμον
581 3091 701 3174 ἕρημος
710 3085 917 3183 ἀνθρώπων,
932 3082 1023 3156 ὅσον
1033 3085 1115 3175 ἡμεῖς

120 3185 224 3264 ἴδμεν.
247 3183 427 3268 ταῦταμὲν
437 3183 526 3272 παρά
541 3183 752 3253 tamam
763 3182 915 3269 ποταμόν
931 3184 1005 3253 ἐστι
1023 3190 1114 3255 έθυεα

77 3302 107 3354 18
121 3274 205 3359 πρός
231 3277 368 3363 ἑσπέρης
394 3288 454 3350 τοῦ
474 3283 716 3366 Βορυσθένεος.
762 3277 858 3365 Ἀτδρ
883 3278 1047 3367 διαβάντι
1065 3274 1114 3346 τδν

119 3375 334 3459 Βορυσθένεα
355 3373 421 3444 άπὸ
445 3378 618 3462 θαλάσσης
637 3384 772 3464 πρῶτον
787 3375 849 3462 μὲν
864 3372 885 3461 ἡ
901 3370 1037 3463 Ὑλαίη,
1058 3366 1111 3445 άπδ
