2354 3840
115 182 176 247 162
483 188 732 247 HERODOTI

112 342 253 428 σινδόνι,
268 341 323 411 διὰ
338 343 465 411 τούτων
477 344 654 412 δάκνουσι·
680 343 735 416 διά
752 349 788 413 δὲ
802 355 863 416 τοῦ
874 348 1018 419 δικτύου
1031 344 1096 417 offo}

113 443 298 526 πειρέονται
315 439 429 527 άρχήν.

66 555 99 609 96
202 535 250 604 Τά
273 540 308 604 δὲ
329 535 369 622 δὴ
393 538 492 605 πλοῖά
516 557 593 622 σφι,
620 552 705 605 τοῖσι
725 543 966 629 φορτηγέουσι,
994 542 1096 611 έστλέτ

112 643 169 723 της
183 633 334 719 άκάνθης
350 636 548 720 ποιεύμενα,
570 631 660 720 τῆςὴ
684 635 796 723 μορφη
822 642 884 724 μέν
906 641 976 707 έστι
996 635 1096 725 δμοιω

114 734 193 818 τάτη
207 739 253 821 τῷ
269 738 449 823 Κυρηναίῳ
463 739 574 823 λωτῷ,
594 731 631 799 τό
644 735 680 800 δὲ
695 734 843 821 δάκρυον
853 736 957 823 κόμμι
968 742 1050 805 ἐστί·
1066 736 1095 803 h

113 832 234 916 ταύτης
246 823 294 898 οῦν
304 837 361 916 της
372 829 524 918 ἀκάνθης
537 832 721 917 κοψάμενοι
736 834 818 911 ξύλα
828 831 911 901 ὅσον
925 859 962 901 τε
973 831 1095 919 διπήχει

113 924 304 1013 πλινθηδὸν
319 939 522 1015 συντιθεῖσι,
537 929 806 1015 νανπηγεόμενοι
819 931 947 1019 τρόπον
961 930 1093 1001 τοιόνδε·

114 1028 189 1114 περὶ
202 1027 356 1113 γόμφους
377 1025 527 1106 πυκνούς
543 1031 597 1096 καλ
618 1027 766 1116 μακρούς
780 1036 987 1118 περιείρουσι
1001 1027 1041 1099 τά
1053 1032 1094 1095 δι·

114 1127 217 1210 πήχεα
242 1124 339 1204 ξύλα·
368 1123 469 1193 ἐπεάν
495 1128 530 1193 δὲ
554 1126 665 1217 τρόπφ
686 1127 793 1218 τούτφ
816 1128 1093 1217 ναυπηγήσωνται,

115 1218 195 1306 ζυγά
212 1223 366 1306 ἐπιπολῆς
381 1226 526 1289 τείνουσι
537 1218 658 1290 αύτῦυ.
680 1228 817 1307 νομεῦσι
828 1222 865 1291 δέ
878 1220 981 1292 οῦδὲν
992 1224 1094 1311 χρέον-

113 1343 183 1387 ται·
215 1324 343 1386 ἔσωθεν
370 1320 407 1386 δὲ
437 1317 495 1397 τάς
527 1316 686 1406 ἁρμονίας
710 1322 747 1387 έν
773 1313 821 1389 ῦν
846 1321 1041 1389 ἐπάκτωσαν
1061 1320 1093 1403 τῇ

114 1415 237 1505 βύβλῳ.
266 1415 429 1500 πηδάλιον
449 1414 485 1483 δέ
506 1419 543 1482 ἓν
565 1423 753 1501 ποιεῦνται,
774 1418 949 1485 καὶτοῦτο
971 1414 1026 1485 διά
1047 1418 1093 1499 τῆς

114 1511 473 1598 τρόπιοςδιαβυνέεται.
493 1517 572 1601 ίστφῦ
594 1512 630 1578 δὲ
645 1509 816 1602 άκανθίνφ
835 1513 1006 1598 χρέονται,
1025 1514 1092 1579 [στί-

114 1627 180 1674 οισι
197 1607 232 1674 δὲ
249 1611 445 1693 βυβλίνοισι.
468 1614 572 1674 ταῦτα
586 1603 626 1674 τά
641 1614 738 1674 πλοῖα
757 1605 823 1674 άνά
842 1608 905 1693 μέν
921 1605 983 1676 τόν
1005 1629 1093 1674 ποτα·

113 1701 178 1790 μόν
196 1700 237 1770 οῦ
260 1701 399 1770 δύναται
414 1703 555 1789 πλύειν,
576 1699 620 1789 ἦν
635 1701 680 1789 μὴ
701 1702 850 1791 λαμπρός
863 1704 987 1793 ἄνεμος
999 1707 1093 1791 ἐπέχῃ,

114 1802 150 1867 ἐκ
164 1805 224 1885 γῆς
240 1798 275 1866 δὲ
289 1802 500 1885 παρέλκεται,
518 1798 600 1867 κατά
615 1798 697 1888 ῥόον
710 1800 746 1867 δέ
759 1806 922 1886 κομίζεται
936 1794 1018 1871 δδε·
1037 1804 1094 1869 ἔστι

113 1898 149 1963 έκ
163 1900 303 1982 μυρίκης
319 1899 523 1983 πεποιημένη
537 1897 647 1982 θύρη,
668 1899 918 1983 κατερραμμένη
938 1902 1028 1985 ρίπετ
1042 1922 1093 1965 ιιι·

112 1993 245 2079 λάμων,
267 1995 321 2061 καί
343 2000 438 2072 λίθος
460 1994 655 2080 τετρημένος
682 1992 874 2070 διτάλαντος
897 1990 1039 2079 μάλιστά
1059 2015 1093 2077 εχ

112 2088 273 2172 σταθμόν.
295 2089 424 2154 τούτων
444 2086 506 2174 τὴν
525 2086 587 2173 μέν
608 2089 722 2174 θύρην
744 2088 923 2173 δεδεμένην
942 2086 1033 2178 κάλφ
1045 2088 1090 2169 έμ-

112 2192 242 2269 προσθε
265 2188 325 2248 τοῦ
349 2190 467 2250 πλοίου
494 2181 584 2252 άπίει
610 2186 843 2270 ἐπιφέρεσθαι,
864 2180 926 2252 τόν
945 2184 984 2253 δέ
1005 2188 1093 2253 λίθον

113 2279 202 2370 άλλφ
217 2278 307 2369 κάλφ
322 2277 450 2347 όπισθε.
479 2277 499 2366 ἡ
518 2281 579 2364 μέν
594 2277 633 2365 δὴ
649 2281 740 2366 θύρη
755 2285 815 2346 τοῦ
828 2279 912 2366 ῥόου
926 2281 1092 2366 ἐμπίπτον-

112 2403 166 2456 τος
179 2376 294 2464 χωρέει
310 2378 446 2462 ταχέως,
468 2379 522 2444 καὶ
539 2378 627 2445 ἕλκει
642 2373 704 2461 τὴν
724 2381 825 2462 βάριν
846 2381 960 2458 (τοῦτο
980 2366 1091 2461 γάρδῆ
1135 2424 1138 2433 ·

112 2472 242 2560 οῦνομά
256 2474 324 2542 ἐστι
336 2487 421 2541 τοῖσι
435 2480 579 2541 πλοίοισι
595 2473 774 2557 τούτοισι),
795 2468 813 2539 ὁ
829 2471 865 2540 δὲ
876 2478 975 2550 λίθος
983 2468 1092 2539 ὄπισθε
1136 2466 1138 2539 ζ

111 2570 329 2654 ἐπελκόμενος
353 2572 408 2636 καὶ
429 2566 494 2636 έάν
518 2571 555 2636 έν
575 2574 689 2656 βυσσῷ
710 2568 885 2635 κατιθύνει
907 2564 969 2638 τόν
987 2564 1090 2635 πλόον.

110 2673 178 2734 ἔστι
194 2667 233 2732 δέ
243 2684 305 2750 σφι
320 2662 359 2732 τά
374 2674 472 2733 πλοῖα
486 2673 587 2733 ταῦτα
602 2666 727 2751 πλήθεϊ
737 2662 859 2750 πολλοὶ,
873 2666 930 2733 κοιλ
942 2664 1017 2752 ῦγει
1029 2670 1092 2733 lm
1116 2698 1119 2703 ·

109 2761 233 2840 πολλάς
245 2762 393 2848 χιλιάδας
406 2765 585 2833 ταλάντων.

60 2878 93 2933 97
191 2855 310 2926 Ἐπεάν
335 2855 366 2923 δ’
387 2860 511 2948 έπέλθη
531 2857 686 2938 δΝεσλος
704 2858 766 2946 τὴν
785 2860 914 2948 χάρην,
936 2864 974 2929 αλ
990 2860 1093 2937 πόλιες

110 2965 232 3043 μοῦναι
258 2962 434 3043 φαίνονται
457 2955 693 3045 ὑπερέχουσαι,
714 2957 857 3043 μάλιστά
879 2984 923 3047 κη
946 2958 1093 3045 ἐμφερέες

109 3062 181 3143 τῇσι
197 3056 233 3120 έν
247 3059 293 3142 τῷ
307 3058 435 3143 Αίγαίφ
450 3055 561 3145 πόντφ
575 3056 715 3142 νήσοισι.
738 3052 779 3121 τά
794 3053 857 3139 μέν
868 3052 934 3142 γάρ
947 3052 1033 3125 ἄλλα
1043 3060 1094 3141 τῆς

109 3149 282 3234 Αἰγύπτου
296 3153 436 3235 πέλαγος
455 3159 597 3237 γίνεται,
619 3157 655 3220 αί
672 3153 709 3219 δέ
724 3152 837 3230 πόλιες
857 3159 983 3239 μοῦναι
997 3152 1094 3239 &aar

110 3249 229 3332 έχουσι.
253 3248 501 3333 πορθμεύονται
514 3241 578 3335 τόν,
595 3246 696 3317 έπεάν
708 3256 807 3316 τοῦτο
822 3250 975 3339 γένηται,
991 3250 1093 3321 ωἰκέτι

109 3338 191 3408 κατά
208 3339 248 3408 τά
262 3344 384 3428 ῥέεθρα
398 3352 458 3412 τοῦ
479 3354 645 3434 ποταμοῦ,
668 3344 751 3415 άλλά
772 3345 827 3415 διά
846 3351 952 3433 μέσον
965 3359 1026 3421 τοῦ
1038 3375 1093 3419 τε·
