2354 3840
123 151 186 214 218
313 168 317 177 “
501 152 750 211 ΗΕΒΟΒΟΤΙ

77 328 109 382 14
123 315 348 401 δρασσόμενος
369 307 557 397 αὐτοχειρίῃ
580 313 744 395 διέσπειρε
765 317 804 399 τή
819 319 963 402 στρατιῇ.
1002 311 1129 403 Ἡμέρη

123 416 159 482 δέ
175 414 296 501 δεκάτη
311 408 370 479 ἀπ’
385 401 426 496 ἧς
439 410 605 495 παρέλαβε
620 405 657 475 τό
672 421 776 493 τεῖχος
790 405 828 475 τό
843 411 881 477 έν
894 412 1015 496 Μέμφι
1029 415 1128 495 Kapan

121 514 243 601 βάσης,
265 517 399 587 κατίσας
417 510 450 584 ές
463 504 501 573 τό
513 507 714 591 προάστειον
729 507 781 573 έπὶ
801 506 891 596 λύμη
910 505 971 574 τόν
987 510 1127 595 βασιλέα

121 620 189 679 τῶν
210 614 404 695 Αἰγυπτίων
425 605 664 690 Ψαμμήνιτον,
687 604 932 691 βασιλεύσαντα
952 613 1060 691 μῆνας
1081 609 1141 692 ἓξ,

120 715 241 774 τοῦτον
256 710 391 780 κατίσας
405 698 471 770 σδν
486 699 616 768 ἀλλοισι
630 707 843 787 Αἰγυπτίοισι
858 706 1046 789 διεπειρᾶτο
1062 698 1125 768 αὐ·

119 812 180 872 τοῦ
193 811 251 888 τῆς
265 807 372 886 ψυχῆς
386 801 510 867 ποιέων
524 799 653 866 τοιάδε·
676 805 805 878 στείλας
816 797 923 868 αὐτοῦ
936 799 998 887 τήν
1012 811 1125 885 θυγα-

118 905 196 986 τέρα
207 903 323 984 έσθήτι
337 901 455 986 δουλίή
469 898 628 982 ἐξέπεμπε
639 892 692 963 ἐπ’
708 893 801 984 ὕδωρ
816 902 958 983 ἔχουσαν
969 897 1123 986 ὑδρήιον,

118 1000 307 1081 συνέπεμπε
329 998 365 1061 δὲ
385 996 441 1062 καί
461 992 563 1071 ἀλλας
585 996 778 1077 παρθένους
805 991 966 1076 ἀπολέξας
988 995 1124 1083 ἀνδρῶν

116 1102 184 1162 τῶν
198 1092 341 1175 πρώτων
355 1088 477 1178 ὁμοίως
492 1093 691 1176 ἐσταλμένας
706 1097 747 1179 τῇ
760 1098 821 1158 τοῦ
837 1096 998 1179 βασιλέος.
1028 1090 1072 1171 ὡς
1088 1090 1124 1158 δὲ

117 1202 180 1283 βοή
200 1219 236 1262 τε
255 1196 311 1260 καί
330 1197 494 1282 κλαυθμῷ
511 1191 679 1278 παρήισαν
696 1195 733 1257 αἰ
746 1193 913 1278 παρθένοι
930 1190 1021 1279 παρά
1045 1187 1123 1268 τούς

117 1295 276 1378 πατέρας,
294 1296 327 1359 οἰ
336 1289 398 1375 μέν
410 1287 505 1356 ἄλλοι
517 1290 655 1373 πατέρες
661 1283 827 1372 ἀνεβόευν
835 1313 871 1356 τε
879 1292 933 1357 καὶ
944 1286 1122 1356 ἀνέκλαιον

118 1388 270 1478 ὁρέοντες
283 1388 324 1456 τδι
341 1392 441 1456 τέκνα
455 1387 687 1471 κεκακωμένα,
705 1383 722 1452 ὁ
739 1387 775 1453 δὲ
793 1386 1010 1473 Ψαμμήνιτος
1025 1403 1122 1472 προί-

117 1487 188 1555 δών
202 1492 257 1556 καὶ
272 1484 395 1573 μαθων
411 1492 513 1565 ἔκυψε
536 1488 570 1563 ές
591 1481 653 1569 τήν
670 1490 743 1570 γῆν.
772 1487 1071 1571 παρεξελθουσέων
1086 1486 1120 1551 δὲ

117 1593 185 1652 τῶν
200 1582 406 1669 ὑδροφόρων
421 1580 562 1666 δεύτερά
584 1586 618 1648 οἰ
630 1578 691 1648 τόν
711 1585 813 1648 παῖδα
829 1587 952 1668 έπεμπε
967 1578 1039 1667 μετ’
1061 1579 1121 1648 ἀλ-

116 1691 186 1750 λων
200 1685 395 1765 Αἰγυπτίων
418 1681 588 1762 δισχιλίων
603 1675 664 1763 τήν
685 1675 791 1765 αότήυ
811 1676 945 1766 ήλικίην
965 1678 1119 1765 έχόντων,

116 1781 196 1858 τοός
210 1805 245 1846 τε
260 1775 400 1863 αὐχένας
416 1776 507 1865 κάλω
523 1780 721 1863 δεδεμένους
737 1779 791 1846 καί
805 1775 845 1845 τά
866 1778 1012 1863 στόματα
1027 1779 1120 1862 έγκε-

117 1877 371 1962 χαλινωμένους.
394 1872 517 1962 ήγοντο
532 1873 568 1942 δὲ
583 1872 706 1960 ποινήν
720 1881 866 1954 τίσοντες
877 1882 1119 1962 Μυτιληναίων

114 1989 200 2043 τοῖσι
220 1975 257 2040 έν
277 1977 399 2059 Μέμφι
420 1969 658 2059 ἀπολομένοισι
680 1971 745 2041 σόν
764 1981 804 2063 τῇ
825 1980 897 2060 νηί·
925 1981 1030 2041 ταῦτα
1055 1970 1119 2058 γάρ

114 2074 272 2139 ἐδίκασαν
295 2073 329 2136 οἰ
346 2069 514 2156 βασιλήιοι
534 2073 701 2157 δικασταί,
723 2069 809 2158 ὑπὲρ
832 2064 957 2156 ἀνδρὸς
977 2071 1119 2139 ἑκάστου

114 2171 194 2237 δέκα
204 2173 400 2252 Αἰγυπτίων
410 2175 478 2234 τῶν
489 2170 633 2256 προέτων
648 2167 932 2240 ἀνταπόλλυσθαι.
952 2168 970 2239 ὁ
985 2170 1023 2238 δὲ
1037 2167 1119 2239 ἰδοδν

113 2264 331 2353 παρεξιόντας
345 2266 400 2332 καί
413 2264 537 2352 μαθων
551 2266 612 2335 τόν
626 2274 728 2337 παῖδα
751 2264 918 2354 ἀγόμενον
941 2272 994 2337 ἐπὶ
1007 2271 1116 2338 θάνα-

113 2389 189 2448 τον,
211 2369 279 2429 των
295 2360 408 2431 ἀλλων
424 2369 619 2450 Αἰγυπτίων
635 2373 704 2434 τῶν
724 2369 998 2452 περικατημένων
1013 2363 1118 2433 αὐτόν

113 2462 300 2530 κλαιόντων
327 2458 383 2527 καί
419 2456 512 2527 δεινά
546 2459 731 2528 ποιεόντων
765 2457 874 2528 τώυτό
912 2463 1048 2545 ἐποίησε
1081 2457 1118 2526 τό

112 2562 165 2628 ἐπὶ
178 2567 218 2648 τῇ
231 2565 386 2644 θυγατρί.
409 2558 652 2646 παρελθόντων
670 2559 706 2626 δέ
727 2559 781 2626 καί
795 2558 926 2626 τούτων
939 2557 1118 2644 συνήνεικε

113 2655 197 2725 ὥστε
223 2662 292 2723 τῶν
314 2660 511 2740 συμποτέων
534 2661 569 2724 οἰ
590 2656 697 2743 ἀνδρα
721 2654 996 2742 ἀπηλικέστερον,
1020 2658 1115 2722 ἐκπε-

52 2834 56 2841 .
111 2753 265 2822 πτωκότα
290 2755 326 2819 έκ
349 2759 417 2819 τῶν
441 2755 567 2821 έόντων
593 2755 712 2840 έχοντά
734 2779 770 2821 τε
795 2751 913 2840 οὐδὲν,
937 2760 966 2821 εἰ
987 2751 1032 2840 μή
1055 2751 1117 2820 ὅσα

111 2847 317 2936 πτωχός,καί
330 2854 569 2935 προσαιτέοντα
583 2849 646 2939 τήν
660 2849 829 2937 στρατιήν,
846 2854 1002 2939 παριέναι
1018 2859 1118 2936 Ψαμ-

112 2948 254 3037 μήνιτόν
267 2974 304 3016 τε
316 2945 378 3016 τόν
388 2944 541 3034 Ἀμάσιος
555 2950 610 3018 καί
623 2946 703 3027 τούς
714 2952 751 3016 έν
761 2957 807 3039 τςό
817 2955 1002 3039 προαστείῳ
1014 2974 1116 3034 κατη-

111 3049 234 3134 μένους
252 3054 321 3114 τῶν
331 3052 534 3132 Αἰγυπτίων.
556 3044 575 3115 ὁ
594 3050 630 3116 δέ
644 3048 861 3134 Ψαμμήνιτος
877 3045 920 3126 ὦς
932 3045 1016 3133 εἶδε,
1031 3044 1116 3113 ἀνα-

111 3145 259 3221 κλαύσας
274 3147 359 3230 μέγα
373 3146 429 3211 καί
444 3149 585 3222 καλέσας
600 3143 782 3232 οάνομαστί
796 3142 856 3214 τόν
868 3148 999 3233 έταίρον
1014 3144 1116 3230 έπλή-
1170 3157 1175 3169 “

111 3247 188 3322 ξατο
209 3236 271 3326 τήν
287 3240 448 3327 κεφαλήν.
478 3233 567 3327 ἦσαν
581 3238 615 3310 δ’
632 3241 697 3329 ἀρα
716 3241 826 3311 αὐτοῦ’
839 3244 1002 3329 φύλακοι,
1025 3249 1060 3309 οδ
1076 3267 1114 3307 το

110 3337 313 3422 ποιεόμενον
327 3343 397 3404 πᾶν
418 3339 450 3416 έξ
468 3339 600 3405 ἐκείνου
615 3334 669 3405 ἐπ’
687 3338 807 3425 ἑκάστη
828 3338 930 3429 έξόδω
947 3339 1115 3428 Καμβύση
