2354 3840
146 188 207 250 226
524 189 774 248 HERODOTI

146 352 181 418 δὲ
202 344 318 417 τάδε’
301 344 361 415 υπ’
385 344 496 414 αύτιόν
514 343 725 431 Ἀμμωνίων
754 343 866 432 ἐπειδή
888 349 930 413 ἐκ
944 351 1003 432 τῆς
1019 342 1146 425 Ὀύσιος

99 480 107 497 ·
144 448 266 532 ταύτης
281 447 375 514 ίένυι
395 440 451 511 aa&
473 448 530 529 τῆς
553 441 692 544 ψάμμου
713 443 765 509 έπλ
784 443 904 528 σφέας,
921 442 1094 528 γενέσθαι
1112 464 1146 511 τε

145 541 269 622 αὐτούς
284 539 407 629 μεταξύ
421 565 484 608 κον
504 524 646 625 μάλιστα
669 535 781 606 αὐτόν
801 564 838 606 τε
856 541 911 607 καί
930 545 989 660 τής
1007 535 1145 623 Ὀάσιος,

144 640 361 729 όριστονα
292 638 376 705 &zac
361 638 567 727 ίρεομένοισι
577 632 706 703 αύτοῑσι
720 639 917 703 ἐπιπνεῦσαι
927 634 1030 703 νότον
1040 639 1146 723 μέγαν

141 738 246 806 τεκαὶ
263 738 424 820 ἐξαίσιον,
445 736 612 820 φορέοντα
632 733 669 802 δὲ
688 743 789 812 θῖνας
810 740 867 819 τής
881 734 1022 820 ψάμμου
1043 756 1145 801 κατα-

139 839 247 923 χῶσαί
264 850 383 917 σφεας,
409 833 464 897 καί
490 829 602 919 τρόπφ
623 829 764 919 τοιούτῳ
780 827 1022 916 ἀφανισθῆναι.
1068 825 1142 915 ’Λμ-

140 931 260 1020 μύνιοι
281 933 343 1015 μὲν
365 925 453 995 οὕτω
477 931 613 1012 λέγουσι
633 929 792 1012 γενέσθαι
804 929 887 1014 περὶ
909 933 974 1016 τῆς
992 932 1146 1016 στρατιῆς

95 1052 129 1107 27
139 1029 282 1115 ταύτης
318 1024 519 1146 Ἀπιγμένου
540 1026 577 1090 δὲ
599 1022 789 1110 Καμβύσεω
814 1025 847 1103 ἐς
869 1026 1014 1110 Μέμφιν
1035 1022 1144 1110 ἐφόνη

139 1119 392 1211 Αἰγυπτίοισι*
378 1147 396 1189 ο
417 1115 527 1207 Απις,
547 1116 608 1188 τόν
624 1117 780 1207 Έλληνες
793 1118 951 1206 Ἔπαφον
974 1123 1143 1197 καλέουσι·

139 1224 318 1309 ἐπιφανέος
342 1223 378 1287 δὲ
404 1219 527 1286 τούτου
553 1221 739 1304 γενομένου
763 1214 880 1286 αύτίκα
905 1221 995 1287 οίΑ
963 1218 1142 1305 Αἰγύπτιοι

139 1318 256 1404 ειματύ
280 1343 315 1385 τε
337 1315 486 1403 ἐφόρεον
505 1311 545 1384 τὰ
568 1313 741 1385 κάλλιστα
747 1308 846 1383 καὶ
823 1336 911 1401 ησαν
935 1317 973 1383 έν
993 1312 1140 1408 θαλίησι

138 1414 221 1484 ι’όών
237 1418 273 1483 όέ
286 1421 390 1482 ταῦτα
404 1412 483 1492 τούς
498 1419 704 1499 Λίγυπτίους
720 1411 929 1492 ποιεύνταςό
946 1414 1140 1502 Καμβύσης,

137 1513 248 1598 πύγχυ
269 1512 373 1597 σφέας
388 1510 604 1590 καταδόξας
587 1517 715 1580 εαυτοῦ
729 1536 839 1602 κακοις
855 1511 1042 1598 πρήξαντος
1062 1538 1141 1600 χαρ-

10 1618 13 1625 “
137 1609 270 1696 μόσυνα
281 1614 385 1675 ταῦτα
396 1610 533 1694 ποιέειν,
549 1608 664 1677 έκόλεε
674 1605 754 1686 τούς
764 1607 963 1696 ἐπιτρόπους
973 1616 1032 1696 τῆς
1043 1614 1136 1697 Μέμ-

137 1733 231 1795 φιος,
246 1704 471 1792 ἀπικομένους
485 1705 522 1774 δὲ
536 1708 569 1785 ές
586 1703 666 1786 ὄψιν
681 1713 804 1792 εἴρετο,
821 1704 841 1772 ό
854 1732 885 1773 τι
899 1703 1067 1793 πρότερον
1081 1707 1140 1793 μὲν

137 1804 249 1884 ἐόντος
271 1801 376 1872 αύτοῦ
397 1807 434 1872 ἐν
457 1808 579 1890 Μέμφι
599 1805 734 1870 ἐποίευν
757 1809 888 1871 τοιούτο
910 1801 1011 1872 οὐδὲν
1031 1804 1140 1891 Αίγύ-

137 1926 243 1988 πτιοι,
266 1901 340 1970 τότε
355 1902 408 1988 δέ,
431 1903 501 1971 ἐπεὶ
516 1898 617 1980 αύτός
630 1906 749 1988 παρείη
765 1908 822 1988 τῆς
843 1908 996 1989 στρατιῆς
1009 1900 1139 1989 πλῆθός

136 2025 167 2066 τι
188 1997 378 2086 ἀποβαλών.
403 2004 437 2068 οί
455 2001 491 2067 δέ
518 2005 678 2086 ἔφραζον,
700 1997 745 2077 όός
765 2012 826 2086 σφι
845 1997 927 2078 θεός
951 2009 1002 2087 είη
1024 2001 1139 2088 φανείς

137 2095 192 2164 διὰ
207 2097 333 2181 χρόνον
350 2104 478 2165 πολλοῦ
499 2095 615 2176 ἐωθῶς
630 2099 884 2183 ἐπιφαίνεσθαι,
906 2099 961 2164 καὶ
978 2094 1023 2176 ὡς
1038 2092 1138 2166 έπεόιν

137 2201 246 2280 φανή,
262 2194 336 2261 τότε
350 2194 472 2274 πόντες
487 2200 521 2263 οί
529 2196 709 2281 Αἰγύπτιοι
723 2194 939 2281 κεχαρηκότες
956 2190 1135 2281 ὁρτάζοιεν.

136 2302 239 2361 ταῦτα
257 2291 404 2374 ἀκούσας
424 2292 442 2363 ὁ
458 2295 641 2382 Καμβύσης
657 2300 720 2381 ἔφη
735 2293 925 2374 ψεύδεσθαί
941 2313 1064 2379 σφεας,
1085 2291 1138 2358 καί

91 2419 126 2474 28
138 2391 183 2473 ὥς
197 2395 426 2480 ψευδομένους
440 2396 579 2485 θανύτφ
595 2391 737 2478 ἐζημίου.
778 2389 989 2467 Ἀποκτείνας
1005 2390 1043 2457 δὲ
1058 2388 1138 2457 τού-

30 2571 33 2576 ·
135 2520 213 2572 τους
237 2493 376 2579 δεύτερα
399 2490 478 2572 τούς
500 2495 590 2579 ἱρέας
610 2491 724 2558 ἐκάλεε
740 2492 773 2568 ἐς
794 2487 882 2570 όψιν.
915 2486 1086 2573 λεγόντων
1102 2487 1137 2554 δὲ

135 2587 273 2657 κατὰτὰ
290 2587 374 2656 αύτό
395 2597 463 2657 τῶν
484 2593 584 2676 ἱρέων
605 2586 646 2656 ού
660 2589 776 2674 λήσειν
789 2593 854 2673 ἐφη
870 2582 991 2671 αὐτόν,
1014 2592 1045 2654 εί
1056 2583 1139 2662 θεός

134 2712 183 2764 τις
202 2686 380 2771 χειροήθης
401 2683 582 2773 ἀπιγμένος
604 2695 653 2770 εἴη
675 2689 896 2770 Αἰγυπτίοισι.
929 2689 1076 2750 τοσαῦτα
1102 2680 1138 2747 όέ

136 2796 229 2862 εἴπας
251 2784 387 2873 ἐπάγειν
403 2789 533 2855 ἐκέλευε
554 2784 613 2853 τόν
629 2779 726 2853 Ἆπιν
744 2782 823 2863 τούς
843 2786 942 2870 ἱρέας.
965 2788 1000 2850 οί
1011 2782 1075 2870 μὲν
1096 2781 1137 2870 δή

134 2888 292 2972 μετήισαν
312 2884 453 2967 ἄξοντες.
487 2885 505 2955 ὁ
527 2889 563 2955 δέ
584 2881 676 2965 Ἀπις
691 2879 789 2963 ούτος
809 2881 990 2970 ὁἝπαφος
1009 2890 1138 2968 γίνεται

133 2984 255 3069 μόσχος
277 2987 313 3051 ἐκ
326 2981 422 3071 βοός,
443 2981 515 3070 ἥτις
537 2981 648 3052 ούκέτι
666 2987 719 3070 οἴη
738 3008 774 3050 τε
793 2989 919 3069 γίνεται
941 2983 974 3059 ἐς
994 2985 1138 3069 γαστέρα

134 3079 237 3148 ἄλλον
253 3084 415 3167 βαλέσθαι
430 3081 544 3167 γόνον.
577 3080 757 3167 Αίγύπτιοι
772 3079 808 3146 δέ
822 3081 957 3166 λέγουσι
973 3081 1071 3159 σε’λας
1085 3082 1139 3148 ἐπὶ

133 3174 196 3260 τήν
210 3177 296 3263 βοῦν
310 3181 347 3245 ἐκ
360 3187 420 3247 τοῦ
438 3177 587 3263 ούρανοῦ
607 3186 789 3264 κατίσχειν,
811 3185 870 3246 καί
881 3204 940 3264 μιν
960 3179 997 3246 ἐκ
1013 3179 1139 3247 τούτου

133 3284 255 3343 τίκτειν
266 3275 326 3343 τόν
338 3271 443 3346 Ἆπιν.
468 3284 532 3362 ἔχει
546 3277 581 3345 δὲ
593 3275 610 3345 ὁ
623 3278 745 3364 μόσχος
761 3268 859 3355 οὗτος
874 3273 892 3344 ό
908 3270 1002 3354 Ἀπις
1016 3276 1137 3345 καλεό-

133 3401 232 3458 μενος
244 3374 366 3461 σημήια
378 3376 506 3444 τοιόόε·
521 3375 587 3444 ἐόν
598 3381 697 3464 μέλας
709 3372 761 3444 ἐπὶ
775 3377 838 3463 μέν
848 3383 893 3467 τῷ
904 3374 1046 3467 μετύπφ
1057 3385 1137 3446 λευ-
