2354 3840
142 213 202 277 ⁸248
515 216 767 274 HERODOTI

141 382 276 464 ἔξαρνος
296 367 340 462 ἦν
360 371 404 460 μη
428 372 490 458 μέν
514 369 706 441 άποκτείναι
720 375 885 459 Σμέρδιν·
913 369 957 441 ού
969 370 1036 460 γάρ
1056 365 1132 460 ἦνοῑ

139 472 285 560 ἀσφαλὲς
307 471 497 565 Καμβύσεω
518 470 787 556 τετελευτηκότος
815 468 920 555 φάναι
943 469 1007 538 τὸν
1027 470 1132 557 Κύρου

140 571 216 641 υίδν
232 571 480 639 ἀπολωλεκέναι
498 568 703 658 αὐτοχειρίῃ·
726 566 744 636 6
759 569 796 636 δὲ
812 567 852 657 δη
870 569 1131 658 μάγοςπελεοτήν

139 695 258 748 σαντος
278 669 468 755 Καμβύσεω
489 665 595 745 ύδεοῖς
617 669 827 759 ἐβασίλευσε,
855 669 1063 756 ἐπιβατεύων
1081 674 1131 736 τού
1170 724 1173 741 .

139 767 323 854 ὁμωνύμου
337 768 504 853 Σμέρδιος
518 772 580 834 τοῦ
594 767 731 853 Κύρου,
753 772 860 853 μῆνας
874 765 956 835 ἑπτά
976 766 1057 848 τούς
1071 771 1132 837 έπι-
1168 784 1174 799 “

137 873 275 944 λοίπους
293 865 458 954 Καμβύσῃ
478 866 511 943 ές
532 862 573 932 τύ
594 861 680 932 δκτύ
703 869 776 932 έτεα
796 870 854 952 τῆς
876 865 1081 952 πληρώσιος·
1102 867 1132 933 έν

137 978 222 1030 τοῖσι
243 959 421 1042 ἀπεδέξατο
446 964 479 1040 ές
501 959 581 1040 τούς
603 959 776 1047 ὑπηκόους
800 960 928 1042 πάντας
952 960 1133 1051 εὐεργεσίας
1169 1026 1172 1031 .

136 1060 281 1147 μεγάλας
300 1057 383 1128 ὥστε
404 1056 641 1138 ἀποθανόντος
660 1056 766 1126 αύτού
782 1059 896 1127 πόθον
912 1064 1000 1146 ἔχειν
1015 1060 1133 1138 πάντας

96 1232 100 1240 ,
135 1158 214 1239 τούς
239 1161 276 1226 ἐν
300 1165 339 1246 τῇ
362 1157 469 1246 Ἀσίη,
495 1157 599 1244 πάρεξ
622 1155 734 1224 αύτοῑν
753 1160 921 1243 Περσέων.
955 1158 1134 1244 διαπέμψας

134 1256 199 1344 γάρ
221 1255 238 1327 ὁ
259 1256 364 1343 μάγος
380 1257 413 1334 ές
434 1262 503 1321 πᾶν
518 1252 619 1332 ’ἔθνος
634 1260 702 1322 τῶν
718 1247 814 1341 ἦρχε,
834 1262 973 1342 προεθιε
990 1253 1136 1323 ἀτέλειαν

136 1355 220 1423 εἶναι
246 1360 420 1441 στρατηίης
440 1356 495 1420 καὶ
516 1352 627 1440 φόρου
649 1349 701 1420 ἐπ’
718 1358 791 1420 έτεα
805 1360 888 1440 τρία.
922 1366 1063 1442 προεῖπε
1079 1355 1134 1440 μὲν

86 1470 120 1523 68
136 1451 175 1538 δη
197 1460 300 1520 ταῦτα
322 1448 441 1519 αύτίκα
462 1450 676 1536 ἐνιστάμενος
696 1453 729 1529 ές
751 1449 813 1538 την
833 1448 954 1538 ἀρχὴν,
978 1448 1088 1573 ὀγδόῳ
1103 1451 1135 1518 δὲ

134 1551 213 1668 μηνὶ
225 1551 354 1632 ἐγένετο
367 1546 551 1634 κατάδηλος
561 1547 674 1638 τρόπῳ
685 1553 817 1639 τοιριδε·
842 1544 1012 1636 Ὀτάνης
989 1576 1035 1638 ην
1046 1559 1136 1635 Φαρ-

134 1646 269 1715 νάσπεω
280 1645 342 1730 μὲν
352 1659 445 1731 παῖς,
459 1649 552 1731 γένει·
561 1647 597 1713 δὲ
609 1648 664 1714 καὶ
673 1648 817 1766 χρήμασι
829 1646 988 1740 ὁμοῖος
957 1657 1003 1716 τύ
1018 1649 1136 1742 προέτω

132 1746 307 1829 Περσέων·
331 1767 429 1822 ουτος
445 1768 462 1810 ο
482 1739 618 1831 Ὀτάνης
638 1751 768 1831 πρῶτος
788 1739 981 1813 ύπόπτευσε
995 1744 1057 1814 τὸν
1074 1746 1134 1835 μά·

134 1869 196 1930 γον
211 1839 255 1920 ὡς
269 1840 331 1909 ούκ
346 1841 429 1929 εἴη’
415 1842 567 1930 οΚύρου
581 1844 742 1930 Σμέρδις,
758 1838 869 1910 666⁸
848 1867 950 1933 οςπερ
976 1838 1039 1933 ἦν,
1061 1850 1136 1935 τηδε

133 1937 465 2028 συμβαλλόμενος,”
445 1966 496 2008 οτι
510 1966 545 2007 τε
562 1966 624 2023 ουκ
640 1942 790 2026 ἐξεφοίτα
807 1942 844 2007 έκ
863 1946 920 2026 τῆς
934 1939 1137 2029 άκροπόλιος

132 2045 187 2109 καὶ
202 2039 253 2108 ὅτι
274 2038 336 2107 ούκ
357 2038 471 2108 ἐκάλεε
492 2040 525 2116 ἐς
542 2035 621 2118 ὄψιν
637 2041 749 2128 ἑωυτῷ
763 2035 886 2104 οὐδένα
905 2047 974 2106 τῶν
987 2048 1148 2128 λογίμων

131 2145 299 2226 Περσέων.
329 2137 542 2216 ὑποπτεύσας
563 2142 603 2206 δέ
620 2165 678 2224 μιν
699 2140 806 2207 ἐποίεε
819 2138 914 2205 τάδε·
943 2144 1016 2226 ἔσχε
1031 2140 1137 2210 αὐτού

131 2236 355 2324 ὁΚαμβύσης
377 2236 567 2321 θυγατέρα,
589 2242 629 2324 τῇ
654 2233 783 2321 ούνομα
807 2228 851 2321 ἦν
872 2236 1046 2326 Φαιδύμη
1076 2267 1138 2328 την

132 2331 238 2420 αὐτην
253 2331 292 2460 δη
308 2332 434 2418 ταύτην
454 2330 570 2419 εἶχε
531 2358 606 2400 τοτε
627 2330 644 2400 6
645 2333 784 2433 μάγος,
806 2337 861 2401 και
881 2335 985 2426 ταύτη
1000 2365 1036 2405 τε
1051 2360 1136 2408 συν·

131 2440 219 2500 οίκεε
238 2435 293 2500 και
316 2438 390 2521 τῇσι
410 2429 528 2520 άλλησι
550 2420 675 2520 πάσησι
694 2439 768 2520 τησι
788 2455 849 2498 του
834 2431 1054 2520 Καμβύσεω
1073 2465 1137 2524 γυ·

131 2535 227 2610 υαιξί.
251 2534 390 2616 πέμπων
402 2523 486 2616 δη
459 2526 536 2597 ωνὸ
548 2526 685 2615 Ὀτάνης
698 2527 788 2615 παρά
804 2529 930 2615 ταύτην
945 2556 1008 2618 την
1022 2544 1137 2622 θυγα-

131 2631 209 2713 τέρα
230 2628 440 2695 ἐπυνθάνετο
448 2625 561 2715 ,παρ’
579 2625 661 2719 ὅτεῳ
662 2625 870 2715 ἀνθρώπων
885 2652 1047 2720 κοιμωτο,
1071 2643 1137 2703 εἴτε

131 2750 212 2810 μετα
198 2724 391 2811 Σμέρδιος
405 2749 466 2792 του
452 2727 600 2810 Κύρου
615 2695 679 2794 εέτε
693 2722 774 2812 μετά
792 2723 897 2794 άλλου
910 2753 978 2795 τευ.
1005 2757 1027 2816 η
1015 2726 1085 2798 “δέ
1104 2737 1138 2801 oc

132 2819 317 2907 ἀντέπεμπε
339 2827 469 2908 φαμένη
491 2820 532 2891 ού
546 2825 743 2909 γινώσκειν·
767 2823 844 2892 ούτε
858 2823 923 2912 γάρ
938 2824 999 2894 τὸν
1013 2829 1135 2917 Κύρου

131 2926 279 3012 Σμέρδιν
301 2926 432 2992 ίδέσθαι
455 2921 606 3011 ούδαμά,
628 2923 706 2992 ούτε
726 2923 816 3005 ὅστις
838 2936 888 3012 είη
906 2923 924 2994 6
946 2931 1135 2996 συνοικέων

131 3018 214 3106 αὐτῇ
231 3021 363 3088 εἰδέναι.
391 3026 515 3107 ἔπεμπε
532 3022 672 3107 δεύτερα
688 3017 705 3088 6
719 3018 994 3109 Ὁτάνηςλέγων·
1029 3032 1074 3093 El
1088 3024 1132 3112 μη

130 3115 213 3202 αύτη
224 3120 374 3203 Σμέρδιν
388 3117 448 3186 τὸν
459 3121 577 3239 Κύρου
594 3119 785 3206 γινώσκεις,
808 3117 851 3187 σύ
866 3121 903 3188 δέ
917 3126 995 3207 παρ’
1018 3118 1134 3190 Ἀτόσ-

130 3234 190 3299 σης
209 3215 376 3300 πυθέο,
363 3215 445 3308 ύτεω
466 3217 574 3307 τούτῳ
594 3220 761 3286 συνοικέει
782 3215 866 3306 αύτη
888 3245 924 3286 τε
947 3213 1056 3308 ἐκείνη
1078 3236 1132 3290 καὶ

130 3309 190 3377 σύ·
212 3309 344 3389 πάντως
359 3311 423 3401 γάρ
438 3316 480 3402 δη’
494 3339 558 3382 κου
578 3315 638 3383 τόν
653 3342 691 3402 γε
707 3319 830 3403 έωοτης
847 3316 1015 3406 ἀδελφεὸν
1028 3321 1122 3407 γινύ

129 3428 208 3476 σκει.
233 3405 442 3496 Ἀντιπέμπει
453 3410 537 3492 πρὸς
547 3419 652 3481 ταῦτα
666 3441 686 3500 η
676 3411 869 3501 ’θυγάτηρ
894 3414 982 3483 Ούτε
994 3414 1132 3506 Ἀτόσση
