2354 3840
329 174 413 231 ΗΒ.
445 173 468 229 1.
502 172 600 230 cAP.
636 176 809 232 162-166.
1033 166 1074 233 87

65 328 126 419 τήν
141 326 317 419 στρατιήν,
333 334 369 397 οί
378 329 547 406 Φωκαιέες
561 329 598 396 έν
609 325 717 415 τούτῳ
732 327 1002 407 κατασπάσαντες
1015 325 1074 407 τάς

63 429 367 516 πεντηκοντέρους,
383 427 560 511 ἐσθέμενοι
572 426 671 491 τέκνα
683 426 737 491 καλ
752 438 914 509 γυναῖκας
931 429 986 492 καὶ
1000 431 1074 493 έπι-

24 583 40 594 .
62 536 131 598 πλα
151 527 280 613 πάντα,
300 523 386 613 πρδς
403 527 440 593 δέ
459 528 514 592 καί
535 522 576 592 τά
597 521 769 611 ἀγάλματα
784 522 825 591 τά
842 526 879 592 έκ
899 531 967 591 τῶν
990 529 1073 612 ίρῶν

62 629 119 696 καὶ
139 623 180 703 τά
201 622 286 694 ἀλλα
303 621 521 710 ἀναθήματα,
543 624 642 708 χωρίς
664 619 733 688 ὅτι
753 616 913 708 χαλκόςή
934 627 1031 699 λίθος
1051 614 1072 707 ἢ

61 721 177 812 γραφή
193 716 253 811 ήν,
269 718 310 790 τά
327 722 364 790 δὲ
380 720 464 790 ἀλλα
479 721 589 788 πάντα
603 723 758 799 ἐσθέντες
771 723 827 788 καὶ
840 718 935 789 αὐτοὶ
951 719 1074 807 ἐσβάν-

61 848 116 902 τες
130 827 263 890 ἔπλωον
277 822 331 889 ἐπὶ
341 825 446 888 Κίου·
468 816 530 905 τήν
541 818 578 886 δέ
589 817 750 886 Φύκαιαν
765 820 998 905 ἐρημωθεῖσαν
1011 814 1074 882 ἀν·

62 924 157 1007 δρῶν
168 924 268 1003 ἔσχον
279 922 313 985 οί
320 922 457 1004 Πέρσαι.
494 921 538 986 οί
550 915 587 984 δέ
602 919 785 1003 Φωκαιέες,
801 920 875 985 έπεί
882 919 920 984 τέ
928 936 988 1001 σφι
999 924 1076 986 Χῖοι
1090 933 1141 989 166

61 1015 122 1096 τάς
145 1008 270 1104 υήσους
291 1014 351 1097 τάς
368 1018 558 1095 Οἰνούσσας
583 1019 785 1102 καλεομένας
806 1013 869 1084 οὐκ
893 1016 1073 1104 ἐβούλοντο

62 1115 285 1203 ὠνεομένοισι
301 1118 444 1187 πωλέειν
458 1121 703 1203 δειμαίνοντες,
720 1113 764 1203 μή
783 1121 819 1184 αί
834 1115 896 1203 μὲν
911 1116 1073 1202 ἐμπόριον

60 1211 272 1302 μένωνται,ή
288 1215 324 1283 δέ
335 1211 448 1282 αὐτῶν
460 1221 562 1300 νῆσος
573 1212 785 1301 ἀποκληισθῇ
795 1214 919 1281 τούτου
934 1217 1073 1297 εἵνεκεν,

61 1311 149 1401 πρὸς
168 1319 273 1382 ταῦτα
288 1317 323 1380 οί
336 1316 504 1392 Φωκαιέες
519 1315 710 1380 ἐστέλλοντο
729 1314 762 1390 ές
776 1311 924 1398 Κύρνον.
954 1313 991 1377 έν
1007 1307 1072 1395 γὰρ

60 1416 103 1500 τῇ
114 1410 241 1502 Κύρνφ
257 1419 362 1479 εἴκοσι
378 1416 463 1480 έτεσι
481 1409 649 1497 πρότερον
662 1409 793 1477 τούτων
809 1413 845 1479 έκ
860 1414 1072 1495 θεοπροπίου

61 1505 289 1596 ἀνεστήσαντο
307 1509 425 1595 πόλιν,
441 1517 481 1598 τῇ
497 1508 627 1595 οὕνομα
642 1501 688 1595 ήν
701 1505 841 1596 Ἀλαλίη.
876 1506 1072 1597 Ἀργανθώ-

59 1633 137 1686 νιος
147 1605 184 1675 δδ
194 1616 377 1694 τηνικαῦτα
394 1607 455 1696 ήδη
471 1607 723 1694 ἐτετελευτήκεε.
746 1608 959 1697 στελλόμενοι
972 1611 1008 1676 δέ
1019 1610 1072 1676 ἐπὶ

60 1704 126 1793 τήν
147 1705 287 1792 Κύρνον
309 1714 425 1793 πρῶτα
447 1709 723 1785 καταπλεύσαντες
748 1710 780 1787 ές
810 1706 873 1796 τήν
899 1709 1070 1794 Φόκαιαυ,

60 1803 318 1890 κατεφόνευσαν
331 1812 401 1873 τόν
413 1810 573 1893 Περσέων
594 1802 656 1891 τήν
673 1801 847 1891 φυλακήν,
868 1803 891 1892 ή
908 1805 1072 1891 ἐφρούρεε

62 1906 316 1991 παραδεξαμένη
336 1903 427 1991 παρὰ
446 1904 619 1991 Ἀρπάγου
634 1902 697 1990 τήν
711 1904 829 1990 πόλιν,
852 1902 933 1990 μετά
951 1905 1004 1990 δὲ,
1028 1901 1072 1982 ὡς

62 2000 165 2068 τοῦτό
187 2019 248 2087 σφι
270 2004 462 2089 ἐξέργαστο,
485 2003 684 2088 ἐποιήσαντο
703 1999 840 2087 ίσχυράς
860 2001 1005 2088 κατάρας
1025 2008 1071 2091 τῷ

64 2096 318 2192 ὑπολειπομένῳ
332 2104 467 2170 ἑωυτῶν
481 2108 543 2170 τοῦ
557 2100 689 2169 στόλου.
712 2098 796 2185 πρός
814 2101 850 2168 δέ
864 2101 1003 2190 ταύτησι
1017 2102 1072 2168 καὶ

61 2195 196 2283 μύδρον
217 2196 375 2285 σιδήρεον
397 2199 672 2286 κατεπόντωσαν,
694 2202 750 2266 καὶ
768 2196 903 2284 ὤμοσαν
926 2197 970 2285 μή
991 2199 1072 2282 πρὶν

61 2296 95 2372 ές
108 2296 264 2366 Φώκαιαν
273 2299 372 2385 ἥξειν,
388 2293 568 2384 πρλνήτδν
576 2298 707 2387 μύδρον
716 2305 836 2366 τοῦτον
846 2295 1069 2382 ἀναφανῆναι.

62 2393 294 2477 στελλομένων
315 2392 351 2461 δέ
370 2391 484 2462 αύτοίν
506 2397 558 2462 έπλ
583 2391 646 2479 τήν
666 2392 806 2475 Κύρνον
826 2390 911 2477 ὑπὲρ
936 2389 1072 2477 ἡμίσεας

61 2497 131 2559 τῶν
143 2487 255 2558 ἀστῶν
266 2497 363 2581 ἔλαβε
377 2493 487 2573 πόθος
498 2520 533 2560 τε
545 2497 598 2560 καὶ
613 2491 722 2570 οίκτος
735 2498 793 2578 τής
806 2490 922 2569 πόλιος
933 2491 988 2557 καὶ
1001 2494 1071 2556 τῶν

60 2588 177 2679 ήθέων
196 2598 254 2678 τής
273 2592 398 2680 χύρης,
421 2593 618 2679 ψευδόρκιοι
640 2591 677 2660 δέ
696 2590 872 2679 γενόμενοι
894 2588 1072 2658 ἀπέπλωον

61 2687 170 2758 όπίσω
187 2691 220 2768 ές
233 2687 296 2778 τήν
310 2691 479 2761 Φύκαιαν.
505 2699 540 2760 οἳ
552 2692 588 2760 δὲ
603 2690 717 2760 αὐτῶν
731 2691 769 2760 τδ
788 2690 906 2777 ὅρκιον
922 2689 1072 2775 έφύλασ-
1120 2721 1134 2742 ·

60 2807 141 2874 σον,
158 2785 337 2875 ἀερθέντες
352 2792 388 2859 έκ
402 2797 471 2858 τῶν
484 2792 699 2859 Οἰνουσσέων
711 2795 850 2858 έπλωον.
884 2786 1008 2856 Ἐπείτε
1035 2789 1071 2855 δὲ
1088 2798 1140 2854 166

60 2888 96 2964 ές
111 2881 176 2972 τήν
189 2886 329 2972 Κύρνον
344 2883 522 2974 ἀπίκοντο,
545 2897 659 2956 οίκεον
678 2895 776 2977 κοινή
797 2883 879 2974 μετὰ
898 2894 967 2953 τῶν
985 2880 1072 2970 πρό-

59 3007 161 3070 τερον
176 2979 390 3070 ἀπικομένων
406 2983 458 3052 ἐπ’
476 2991 549 3053 ἔτεα
564 2990 679 3070 πέντε,
694 2988 749 3052 καλ
766 2982 822 3071 ίρά
839 2983 1068 3070 ἐνιδρύσαντο.

59 3083 117 3151 καλ
133 3074 219 3169 ήγον
236 3079 301 3168 γάρ
323 3080 364 3169 δή
385 3086 440 3151 καλ
461 3090 584 3171 ἔφερον
598 3082 677 3163 τούς
698 3090 889 3171 περιοίκους
909 3080 1069 3168 ἅπαντας,

59 3178 301 3266 στρατεύονται
327 3173 376 3248 ἀν
400 3178 453 3249 ἐπ’
481 3179 606 3260 αύτούς
626 3188 728 3272 κοινῷ
756 3181 844 3271 λόγῳ
867 3179 1070 3268 χρησάμενοι

62 3278 234 3362 Τυρσηνοὶ
248 3278 304 3344 καὶ
318 3281 544 3365 Καρχηδόνιοι
560 3282 660 3366 νηυσί
677 3279 826 3367 ἑκάτεροι
842 3281 1008 3368 ἑξήκοντα.
1038 3280 1072 3347 oc

59 3376 97 3444 δέ
119 3374 289 3452 Φωκαιέες
313 3377 549 3462 πληρώσαντες
572 3379 627 3445 καλ
649 3372 744 3444 αύτολ
767 3375 806 3444 τά
829 3385 944 3457 πλοῖα,
972 3375 1071 3443 έόντα
