2354 3840
103 207 145 268 ³8
469 195 722 264 HER'0D0T1

104 391 157 445 τες
172 364 208 433 δὲ
222 361 344 452 αύτδν,
367 363 477 451 ὥσπερ
500 362 654 433 ἐύθεσαν
668 365 724 430 καί
743 360 783 429 τά
803 369 908 450 θηρία
923 363 1108 448 σκευάζειν,

106 462 277 552 Κυαξάρεῑ
295 467 415 530 δοῦναι
432 466 591 548 φέροντες
609 457 653 539 ὡς
667 457 777 547 άγρην
794 463 918 546 δῆθεν,
941 458 1061 539 δόντες
1074 459 1124 535 δὲ,

104 562 167 651 την
186 570 342 649 ταχίστην
358 569 551 648 κομίζεσθαι
568 557 658 648 παρά
679 557 857 627 Ἀλυάττεα
872 557 933 628 τόν
949 560 1108 631 Σαδυάτ-

105 686 169 728 τεω
184 663 217 739 ἐς
231 659 367 746 Σάρδις.
407 660 582 753 ταῦτακαὶ
602 660 750 743 ἐγένετο·
780 660 835 725 καὶ
847 653 913 745 γάρ
930 657 1107 746 Κυαξάρης

105 761 162 826 καὶ
182 762 216 826 οί
236 757 417 845 παρεόντες
437 756 635 842 δαιτυμόνες
657 762 726 823 τῶν
746 761 856 843 κρεῶν
874 754 1007 824 τούτων
1027 755 1107 824 ἐπά-

106 876 226 942 σαντο,
242 858 297 924 καί
310 861 346 924 οί
356 857 495 925 Σκύθαι
512 863 616 924 ταῦτα
630 855 830 941 ποιήσαντες
841 852 1025 924 Ἀλυάττεω
1042 861 1102 925 ίκέ-

61 964 96 1019 74
106 982 160 1024 ται
174 958 339 1042 ἐγένοντο.
378 953 476 1024 Μετὰ
501 957 537 1024 δὲ
559 963 664 1024 ταῦτα
692 953 747 1023 ὀύ
761 953 827 1042 γάρ
844 952 885 1043 δὴ
901 953 1108 1043 δἈλυάττης

60 3333 95 3391 75

105 1055 255 1134 ἐξεδίδου
279 1051 360 1133 τούς
383 1055 526 1134 Σκύθας
552 1057 730 1134 ἐξαιτέοντι
754 1054 938 1141 Κυαξάρει·
965 1056 1109 1142 πόλεμος

104 1167 190 1220 τοῖσι
199 1155 342 1220 Λυδοῖσι
351 1152 506 1221 καίτοίσι
516 1154 668 1241 Μήδοισι
683 1154 837 1239 ἐγεγόνεε
847 1151 896 1222 ἐπ’
908 1159 982 1222 έτεα
999 1157 1107 1240 πέντε,

106 1253 143 1318 ἐν
159 1264 244 1318 τοῖσι
265 1250 426 1331 πολλάκις
440 1251 502 1338 μὲν
518 1256 553 1321 οί
564 1255 680 1339 Μῆδοι
695 1248 775 1330 τούς
789 1248 925 1330 Λυδούς
939 1254 1108 1338 ἐνίκησαν,

105 1349 265 1426 πολλάκις
287 1349 323 1416 δὲ
337 1353 372 1417 οί
385 1351 493 1417 Λυδοὶ
511 1346 590 1428 τούς
604 1349 764 1436 Μήδους·
793 1351 831 1416 ἐν
852 1348 889 1417 δέ
911 1351 967 1417 καλ
987 1372 1109 1417 νυκτο-

105 1455 227 1534 μαχίην
246 1443 322 1514 τινὰ
344 1448 559 1535 ἐποιήσαντο·
598 1449 797 1533 διαφέρουσι
822 1452 863 1516 δέ
880 1469 941 1536 σφι
965 1452 1019 1519 ἐπί
1039 1458 1110 1535 ἴσης

104 1545 166 1616 τόν
185 1546 334 1631 πόλεμον
353 1554 399 1638 τῷ
423 1551 506 1639 ἕκτοι
530 1552 597 1615 ἔτει
616 1553 787 1634 συμβολῆς
805 1551 988 1634 γενομένης
1003 1546 1108 1635 σννη-

105 1672 213 1733 νεικε,
242 1641 326 1713 ὥστε
348 1652 406 1732 τῆς
427 1645 534 1733 μάχης
560 1646 790 1730 συνεστεώσης
809 1641 871 1731 την
892 1643 1022 1765 ἡμέρην
1036 1647 1110 1726 ἐξά·

105 1750 204 1830 πίνης
217 1743 326 1812 νύκτα
340 1748 507 1829 γενέσθαι.
551 1738 613 1828 τὴν
638 1740 675 1809 δέ
684 1739 899 1864 μεταλλαγην
913 1742 1042 1829 ταύτην
1055 1744 1110 1830 τῆς

104 1843 230 1932 ημέρης
244 1840 384 1928 Θαλῆς’
370 1870 388 1912 ο
404 1843 573 1930 Μιλήσιος
585 1855 673 1910 τοῖσι
684 1838 778 1908 Ἴωσι
792 1843 1023 1929 προηγόρευσε
1039 1846 1110 1909 §os-

105 1951 204 2027 σθαι,
232 1933 339 2027 οὖρον
362 1944 572 2028 προθέμενος
596 1936 753 2008 ένιαυτόν
776 1947 913 2026 τοῦτον,
940 1942 978 2006 έν
998 1941 1047 2026 τῷ
1067 1928 1107 2025 δη
1134 1982 1137 1987 ·

68 2066 73 2071 ·
105 2041 161 2106 καί
182 2034 349 2124 ἐγένετο’
332 2065 352 2124 η
376 2038 552 2158 μεταβολή.
594 2043 629 2106 οί
645 2037 682 2104 δε
695 2041 806 2105 Λυδοί
821 2064 857 2106 τε
878 2039 982 2106 καλοί
994 2039 1112 2159 Μηδοι

106 2139 180 2206 ἐπεί
178 2160 214 2201 τε
241 2134 392 2202 εἷδον’
348 2163 454 2205 νυκτα
469 2133 578 2204 ἀντὶ
561 2139 685 2222 ημέρης
706 2139 905 2222 γινομένην,
926 2155 984 2222 της
1004 2135 1113 2256 μάχης

104 2261 140 2303 τε
162 2233 350 2302 ἐπαύσαντο
373 2235 429 2301 και
454 2234 583 2319 μᾶλλόν
606 2261 638 2300 τι
663 2241 831 2303 ἔσπευσαν
851 2231 944 2302 καὶ’
925 2233 1112 2354 αμφότερρι

106 2335 244 2456 είρηνην
264 2336 416 2401 ἑωυτοῖσι
437 2338 606 2420 γενέσθαι
647 2335 738 2403 οίδὲ
759 2335 1027 2422 συμβιβάσαντες
1050 2328 1113 2411 αύ-
1137 2366 1140 2373 ·

104 2432 184 2512 τούς
206 2425 294 2520 ἦσαν
317 2435 405 2519 οιδε,
430 2438 614 2512 Συέννεσίς
634 2459 671 2500 τε
690 2430 771 2500 &Kc
757 2436 820 2512 ίξλι
842 2435 898 2501 καλ
912 2428 1148 2518 Λαβύνητοςέ

106 2529 365 2619 ὁΒαβυλτόνιος.
403 2523 501 2600 οὗτοί
518 2551 580 2617 σφι
599 2526 708 2598 καὶ
674 2555 711 2597 το
728 2529 845 2617 όρκιον
859 2534 893 2598 οί
906 2528 1148 2627 σπεύσαντες

104 2635 265 2719 γενέσθαι
285 2622 373 2718 ἦσαν
378 2630 442 2697 καὶ
462 2630 582 2715 γάμων
599 2626 792 2715 ἐπαλλαγην
808 2631 983 2743 ἐποίησαν
1012 2606 1148 2715 Ἀλυ-ξ]

106 2730 211 2813 άττην
232 2753 298 2816 γαρ
329 2733 481 2813 ἔγνωσαν
515 2729 648 2794 δοῦναι
664 2753 727 2814 την
753 2729 925 2812 θυγατέρα
951 2721 1148 2810 Ἀρύηνιν.

101 2826 277 2912 Ἀστυάγεϊ
299 2831 345 2916 τῷ
370 2825 553 2911 Κυαξάρεω
578 2829 687 2893 παιδί·
729 2823 813 2892 άνευ
838 2850 902 2910 γαρ
928 2819 1116 2909 άναγκαίης

41 2970 44 2976 «
106 2932 242 3013 ίσχυρῆς
272 2923 454 3011 συμβάσιες
486 2928 617 3010 ἰσχυραὶ
646 2921 710 2992 ούκ
735 2926 891 2992 ἐθέλουσι
916 2923 1148 3007 συμμένειν.
1146 2964 1148 2969 -

105 3021 204 3110 όρκια
224 3021 261 3090 δὲ
281 3025 426 3089 ποιέεται
445 3027 549 3087 ταῦτα
570 3018 610 3088 τά
633 3027 737 3090 ἔθνεα
762 3018 865 3106 τάπερ
887 3043 923 3085 τε
940 3015 1115 3104 Ἕλληνες,
1146 3108 1148 3113 Ι

105 3114 264 3206 καὶπρὸς
283 3118 448 3204 τούτοισι,
470 3115 573 3186 ἐπεάν
592 3117 672 3198 τούς
688 3124 868 3206 βραχίονας
885 3114 1115 3201 ἐπιτάμωνται
1145 3148 1148 3157 ·

105 3213 188 3297 ἐς
152 3244 214 3303 την
231 3213 429 3302 ὁμοχροίην,
443 3214 481 3284 τό
492 3211 577 3338 αἷμα
590 3214 805 3303 ἀναλείχουσι
819 3211 982 3301 ἀλλήλων.

194 3320 324 3382 Τούτου
345 3305 430 3402 δη
403 3340 452 3382 ων
466 3310 527 3381 τδν
540 3311 722 3399 Ἀστυάγεα
737 3319 851 3399 Κύρος
865 3312 964 3381 ἐόντα
982 3290 1148 3379 §amabi

105 3413 341 3501 μητροπάτορα
357 3413 669 3500 καταστρεψάμενος
684 3421 759 3500 ἔσχε
774 3410 815 3480 δι’
832 3439 853 3479 α
853 3417 951 3498 ίτίην,
968 3436 1033 3497 την
1047 3408 1115 3498 ἐγῶ

1141 3380 1148 3461 ί

1138 3476 1148 3573 λ

1119 3582 1148 3729 ’λ
