2354 3840
118 167 190 235 ’268
495 170 732 231 ΗΕΗΟΒΟΉ

129 340 277 431 σμύρνης
305 341 494 423 δυσπετέως
516 340 666 410 κτέονται
689 344 726 410 οί
740 337 892 430 Ἀράβιοι.
933 341 994 412 τόν
1012 342 1080 431 -μέν
1099 369 1135 430 γε

128 442 314 530 λιβανωτόν
338 443 540 528 συλλέγουσι
560 439 625 530 τήν
649 441 798 530 στύρακα
827 447 1048 530 θνμιεύντες,
1079 442 1135 532 τήν

128 547 161 623 ἐς
183 543 345 630 Ἕλληνας
378 547 530 622 Φοίνικες
565 542 732 628 ἐξάγουσι·
780 543 904 628 ταύτην
937 549 1134 630 θυμιεῦντες

126 644 347 732 λαμβάνουσι“
378 643 419 710 τά
444 641 509 730 γάρ
534 644 676 732 δένδρεα
698 641 739 710 τά
769 643 1025 731 λιβανωτοφόρα
1048 642 1134 732 ὀφιες

126 741 320 832 ύπόπτεροι,
339 744 470 831 σμικροί
487 742 527 811 τά
546 743 712 830 μεγάθεα,
730 751 876 814 ποικίλοι·
888 741 928 811 τά
947 748 1052 829 εἴδεα,
1070 773 1135 831 φν-

128 845 289 914 λάσσονσι
306 843 433 931 πλήθει
448 844 566 913 πολλοὶ
583 845 660 932 περὶ
685 843 846 932 δένδρεον
864 847 1024 930 ἕκαστον,
1049 837 1136 913 οὗτοι

126 951 222 1032 οἵπερ
247 940 302 1013 ἐπ’
321 955 497 1030 Αίγνπτον
516 943 819 1035 ἐπιστρατεύονται.
853 941 970 1012 ούδενὶ
993 944 1034 1013 δὲ
1050 940 1135 1037 άλλφ

126 1042 372 1115 ἀπελαύνονται
393 1042 459 1113 άπό
483 1049 551 1113 τῶν
581 1046 750 1132 δενδρέων
772 1041 794 1132 ή
820 1049 879 1130 τῆς
904 1042 1071 1131 στύρακος
1092 1049 1136 1136 τῷ

61 1162 110 1218 108
128 1151 254 1238 καπνῷ.
290 1147 437 1231 Λέγουσι
456 1144 494 1213 δέ
511 1146 568 1213 καὶ
584 1145 661 1215 τόδε
676 1143 838 1231 Ἀράβιοι,
864 1142 908 1223 άς
926 1149 1018 1213 πάσα
1037 1141 1135 1232 άνγή

128 1250 311 1335 ἐπίμπλατο
328 1250 397 1314 τόν
410 1240 520 1332 ὀφίων
536 1246 679 1333 τούτων,
698 1252 731 1315 εί
744 1245 790 1333 μή
806 1252 962 1330 γίνεσθαι
977 1245 1053 1313 κατ’
1075 1242 1134 1313 αύ·

125 1346 204 1427 τούς
222 1342 296 1415 οἷόν
313 1375 344 1415 τι
358 1347 414 1413 καὶ
432 1343 515 1415 κατὰ
533 1344 592 1427 τάς
612 1348 746 1434 ἐχίδνας
763 1343 950 1433 ἠπιστάμην
974 1351 1133 1430 γίνεσθαι

125 1455 184 1516 καί
205 1474 271 1526 κως
293 1452 355 1515 τού
372 1454 471 1514 θείου
496 1442 517 1533 ή
542 1454 703 1536 προνοίη,
727 1445 839 1536 ὥσπερ
862 1447 919 1514 καὶ
942 1445 1035 1526 οίκός
1060 1448 1131 1533 ἐστι,

125 1551 228 1617 ἐούσα
242 1545 341 1633 σοφή,
356 1545 419 1614 ὅσα
437 1546 500 1634 μὲν
514 1546 627 1634 ψυχήν
639 1573 675 1616 τε
688 1545 782 1616 δειλά
795 1548 852 1614 καὶ
866 1545 1024 1633 ἐδώδιμα,
1039 1551 1132 1615 ταῦτα

130 1647 192 1728 μὲν
210 1644 321 1713 πάντα
340 1648 514 1733 πολύγονα
535 1654 711 1733 πεποίηκε,
734 1649 790 1714 ἴνα
812 1643 857 1733 μή
882 1650 1015 1732 ἐπιλίπη
1034 1668 1125 1711 κατε-

130 1742 312 1827 σθιόμενα,
329 1743 391 1812 ὅσα
408 1747 444 1812 δὲ
455 1748 586 1830 σχέτλια
597 1747 652 1812 καὶ
664 1742 803 1831 ἀνιηρά,
820 1740 1009 1830 ὀλιγόγονα.
1032 1746 1124 1808 τοῦτο

129 1842 207 1928 μὲν,
230 1839 282 1908 ότι
297 1839 315 1909 ὁ
331 1841 432 1929 λαγός
447 1841 513 1911 ὑπὸ
530 1840 655 1922 παντός
667 1843 848 1930 θηρεύεται
861 1848 987 1928 θηρίον
1002 1843 1059 1908 καὶ
1072 1838 1117 1924 ὅρη

128 1949 226 2017 νιθος
241 1943 295 2008 καὶ
310 1937 514 2026 άνθράπου,
536 1939 626 2009 οὕτω
641 1943 682 2028 δή
696 1968 728 2008 τι
742 1939 934 2026 πολύγονόν
949 1941 1034 2006 ἐστι·
1059 1938 1124 2004 ἐπι-

128 2045 299 2106 κυΐσκεται
313 2047 444 2126 μοῦνου
457 2042 595 2108 πάντων
608 2047 756 2128 θηρίων,
773 2043 828 2107 καὶ
838 2037 875 2107 τὸ
887 2039 949 2126 μὲν
961 2034 1049 2105 δασύ
1063 2045 1124 2105 τῶν

55 2146 58 2151 ’
127 2141 255 2206 τέκνων
271 2141 308 2206 ἐν
329 2147 368 2226 τῇ
388 2143 522 2227 γαστρί,
544 2137 582 2208 τό
604 2138 641 2208 δέ
662 2135 778 2223 ψιλόν,
801 2137 838 2205 τὸ
855 2137 891 2204 δέ
912 2134 987 2223 άρτι
1001 2139 1040 2205 ἐν
1056 2144 1122 2226 τήσι

127 2236 269 2322 μήτρῃσι
296 2234 493 2323 πλάσσεται,
522 2235 559 2305 τό
589 2238 625 2307 δὲ
652 2235 848 2324 άναιρεέται.
876 2243 974 2304 τοῦτο
1000 2234 1063 2322 μὲν
1087 2238 1120 2300 δι

127 2335 260 2402 τοιοῦτό
275 2338 359 2422 ἐστι,
381 2333 454 2423 ήδὲ
469 2335 509 2424 δή
527 2342 643 2405 λέαινα
658 2334 716 2405 ἐὸν
736 2335 953 2423 ίσχυρότατον
970 2335 1026 2401 καὶ
1040 2343 1120 2419 θρα·

128 2435 273 2502 σύτατον
288 2432 375 2514 άπαξ
392 2437 428 2502 ἐν
442 2442 488 2526 τῷ
499 2441 561 2526 βίω
572 2442 674 2503 τίκτει
685 2436 739 2502 ἐν·
761 2439 918 2501 τίκτουσα
929 2429 994 2517 γάρ
1007 2451 1119 2497 σννειι·

86 2558 90 2565 ·
127 2533 242 2620 βάλλει
260 2540 305 2623 τῷ
320 2539 425 2624 τέκνφ
442 2533 500 2614 τάς
515 2534 649 2621 μήτρας.
679 2530 716 2600 τό
737 2532 773 2600 δέ
788 2541 897 2599 αίτιου
911 2529 1035 2597 τούτου
1052 2529 1124 2595 τόδε

127 2633 211 2698 ἐστι’·
235 2628 337 2697 ἐπεάν
357 2629 374 2699 ὁ
393 2632 541 2718 σκύμνος
561 2634 598 2698 ἐν
615 2638 654 2718 τῇ
668 2633 766 2717 μητρὶ
787 2626 851 2696 ἐόν
866 2627 1003 2715 άρχηται
1019 2631 1122 2694 διακι-

126 2728 302 2815 νεόμενος,
325 2726 343 2797 ὁ
365 2733 402 2798 δὲ
428 2737 512 2816 ἔχων
537 2729 660 2816 όνυχας
681 2733 814 2814 θηρίων
839 2723 966 2795 πολλόν
990 2722 1123 2791 πάντων

94 2863 95 2866 “
126 2824 307 2909 ὀξυτάτους
336 2826 479 2916 άμύσσει
509 2826 568 2907 τάς
593 2829 736 2915 μήτρας,
771 2822 1000 2910 αύξανόμενός
1026 2817 1124 2907 τδδῆ

126 2935 238 3019 πολλῷ
255 2934 384 3013 μᾶλλον
405 2929 590 2996 ἐπικνέεται
612 2925 854 3012 καταγράφων·
880 2926 981 3000 πέλας
1000 2948 1037 2989 τε
1052 2917 1125 3009 δήὸ

125 3026 222 3103 τόκος
237 3029 321 3112 ἐστὶ,
344 3029 399 3095 καὶ
411 3019 449 3094 τό
464 3027 624 3113 παράπαν
638 3030 783 3094 λείπεται
798 3020 926 3089 αύτέων
940 3018 1033 3107 ὑγιὲς
1048 3019 1127 3090 ούδέ

59 3135 108 3190 109
124 3126 169 3190 ἕν.
199 3121 259 3202 Ὣς
277 3126 312 3191 δὲ
328 3129 382 3192 καὶ
394 3129 431 3192 αλ
439 3130 569 3210 ἔχιδναί
577 3151 612 3192 τε
623 3127 678 3192 καλ
690 3128 724 3192 οί
736 3125 773 3191 ἐν
783 3119 964 3208 ’Λραβίοισι
978 3118 1127 3189 ὑπόπτε-

125 3248 177 3303 ροι
196 3219 288 3307 ὄφιες
304 3229 335 3289 εί
348 3226 506 3308 ἐγίνοντο.
517 3222 561 3302 ὡς
581 3221 602 3310 ἡ
620 3225 722 3310 φύσις
736 3219 866 3288 αύτοίσι
880 3218 1040 3307 ὑπάρχει,
1063 3219 1128 3289 ούκ

124 3315 168 3385 άυ
182 3312 227 3405 ἦν
241 3318 386 3405 βιύσιμα
402 3320 631 3407 άνθριόποισι·
652 3329 719 3391 νύν
734 3319 766 3388 δ’
789 3316 891 3388 ἐπεάν
905 3319 1127 3403 θορνύωνται

82 3482 85 3495 ,
123 3413 205 3483 κατά
225 3416 341 3502 ζεύγεα
361 3421 416 3486 καὶ
432 3422 469 3486 ἐν
486 3418 570 3509 αὐτῇ
587 3415 641 3510 ήὸ
660 3425 762 3506 ἔρσην
779 3423 819 3505 τῇ
836 3415 1004 3503 ἐκποιήσι,
1029 3414 1129 3486 άπιε-
