2354 3840
342 214 426 270 ιιο.
458 214 479 268 1.
514 211 611 269 τις.
642 218 782 274 ει-εε
1014 206 1058 278 47

59 368 201 454 ἐλάσσω,
216 369 343 451 λύοντα
358 370 440 455 πυρὶ
455 370 575 453 διδοίη,
590 366 674 451 πρός
690 395 725 436 τε
741 371 888 440 τούτοισι
905 377 1057 439 δείσαντα

60 462 122 551 τῆν
144 472 233 533 τίσιν
254 469 309 534 καλ
329 467 582 552 ἐπιλεξάμενον,
603 463 648 544 ὥς
670 465 770 536 οὐδὲν
791 478 841 554 εἴη
863 476 931 537 τῶν
945 472 982 536 ἐν
996 467 1058 536 άν-

46 563 230 646 θριόποισι
247 562 421 651 ἀσφαλέως
441 571 533 650 ἐχον,
557 565 708 633 κελεύειν
728 568 909 651 σβεννύναι
924 565 986 653 τῆν
999 593 1057 634 τα-

60 667 177 748 χίστην
195 659 233 729 τό
255 664 436 750 καιόμενον
457 671 525 750 πῦρ
540 666 595 732 καὶ
616 665 847 750 καταβιβάζειν
862 667 1009 750 Κροῖσόν
1023 687 1058 732 τε

60 761 116 825 καλ
130 755 210 836 τοῦς
223 757 304 844 μετά
320 768 478 848 Κροίσου.
514 765 567 828 καὶ
589 757 669 837 τούς
689 765 926 847 πειρωμένους
939 761 981 830 ού
997 763 1059 830 δύ-

61 863 189 921 νασθαι
210 860 257 922 ἔτι
279 863 340 923 τοῦ
359 855 467 942 πυρός
487 860 709 941 ἐπικρατῆσαι.
751 853 915 925 Ένθαῦτα
930 864 1107 945 λέγεταιςν

62 948 128 1020 ὑπό
145 954 268 1017 Λυδόν
282 959 428 1037 Κροῖσον
447 953 600 1037 μαθόντα
622 950 683 1037 τῆν
699 953 817 1038 Κύρου
841 957 1059 1042 μετάγνωσιν,

50 1044 107 1128 ,ὦς
128 1045 201 1140 όόρα
216 1048 324 1116 πάντα
341 1049 402 1134 μὲν
417 1046 524 1137 άνδρα
540 1051 727 1137 σβεννύντα
746 1046 784 1117 τό
806 1058 891 1138 πῦρ,
914 1053 1060 1137 δυναμέ-

64 1171 147 1223 νους
168 1144 205 1212 δέ
228 1143 338 1214 οὐκέτι
360 1154 576 1233 καταλαβεῖν,
603 1146 834 1232 ἐπιβάσασθαι
860 1147 921 1216 τόν
941 1148 1061 1217 Ἀπόλ-

63 1250 155 1310 λωνα
180 1243 456 1329 ἐπικαλεόμενον,
482 1253 515 1311 εί
535 1249 569 1310 τί
589 1248 623 1311 ολ
642 1247 880 1329 κεχαρισμένον
899 1248 932 1324 ἐξ
955 1243 1061 1311 αὐτοῦ
1140 1236 1143 1241 ’

64 1339 233 1425 ἐδωρήθη,
247 1349 454 1428 παραστῆναι
466 1343 521 1408 καὶ
533 1340 706 1426 ῥύσασθαί
717 1367 776 1426 μιν
790 1342 826 1407 ἐκ
840 1348 900 1408 τοῦ
914 1342 1060 1428 παρεόν-

64 1462 120 1515 τος
134 1443 249 1504 κακοῦ.
280 1435 340 1504 τόν
354 1438 416 1524 μὲν
432 1438 621 1522 δακρύοντα
636 1440 868 1506 ἐπικαλέεσθαι
888 1437 948 1506 τόν
963 1435 1060 1522 θεόν,

64 1535 101 1601 ἐκ
129 1532 166 1600 δέ
193 1539 326 1620 αἰθρίης
350 1560 387 1602 τε
410 1536 466 1603 καὶ
488 1542 645 1621 νηνεμίης
665 1539 887 1622 σννδραμέειν
907 1537 1061 1620 ἐξαπίνης

67 1635 169 1717 νέφεα
184 1631 239 1699 καλ
254 1633 400 1718 χειμῶνά
414 1659 448 1700 τε
462 1641 710 1720 καταρραγῆναι
728 1637 782 1701 καὶ
800 1626 875 1701 ὗσαι
891 1632 987 1700 ὕδατι
1001 1641 1062 1700 λα-

64 1730 233 1820 βροτάτῳ,
255 1738 525 1819 κατασβεσθῆναί
540 1757 576 1798 τε
597 1729 659 1817 τῆν
674 1732 794 1817 πυρήν.
836 1728 923 1798 οὕτω
941 1727 981 1817 δῆ
998 1756 1062 1815 μα-

65 1827 176 1895 θόντα
197 1824 257 1895 τόν
271 1835 406 1915 Κῦρον,
431 1825 476 1906 ὡς
496 1837 547 1913 είη
568 1826 586 1895 ό
603 1837 745 1914 Κροῖσος
760 1831 814 1894 καὶ
828 1825 992 1911 θεοφιλῆς
1007 1827 1062 1892 καὶ

66 1921 155 2011 άνῆρ
174 1921 319 2011 ἀγαθός,
334 1925 605 2011 καταβιβάσαντα
621 1921 725 1991 αὐτόν
739 1920 804 1989 άπό
819 1929 876 2008 τῆς
891 1928 998 2008 πυρῆς
1015 1930 1063 1989 εί·
1096 1972 1099 1977 -

66 2030 189 2108 ρεσθαι
204 2021 299 2087 τάδε·
339 2028 478 2104 Κροῖσε,
499 2027 548 2098 τίς
569 2042 606 2088 σε
620 2020 815 2105 ἀνθρώπων
829 2015 997 2102 ἀνέγνωσε
1011 2019 1064 2084 ἐπί

65 2123 132 2202 γῆν
141 2112 205 2202 τῆν
220 2112 302 2202 ἐμῆν
312 2117 599 2202 στρατευσάμενον
614 2121 773 2202 πολέμιον
788 2111 861 2182 άντὶ
875 2121 977 2200 φίλου
992 2115 1064 2198 ἐμοὶ

66 2220 286 2300 καταστῆναις
301 2211 338 2282 ‘0
353 2213 390 2281 δέ
404 2211 490 2281 εἶπε·
517 2209 557 2282 Ὠ
572 2222 727 2303 βασιλεῦ,
742 2212 808 2298 ἐγό
822 2219 925 2279 ταῦτα
940 2214 1063 2297 ἐπρηξα

68 2319 106 2400 τῆ
127 2319 171 2399 σῆ
189 2311 252 2396 μὲν
272 2309 482 2399 εὐδαιμονίη,
507 2319 547 2400 τῆ
569 2316 737 2398 ἐμεωυτοῦ
759 2312 795 2378 δέ
809 2314 1063 2397 κακοδαιμονίη·

68 2419 173 2487 αλτιος
187 2409 224 2476 δέ
238 2407 366 2475 τούτων
380 2410 509 2494 ἐγένετο
525 2406 543 2476 ὁ
558 2407 729 2496 Ἑλλήνων
738 2405 820 2485 θεός
841 2409 994 2493 ἐπαείρας
1009 2408 1065 2490 ἐμὲ

68 2502 320 2589 στρατεύεσθαι.
362 2499 472 2580 οὐδεὶς
497 2500 562 2590 γάρ
586 2504 674 2571 ούτω
698 2502 840 2588 άνόητός
862 2505 947 2585 ἐστι,
975 2499 1065 2579 ὅστις

68 2600 217 2686 πόλεμον
233 2596 298 2685 πρό
314 2599 448 2686 είρῆνης
462 2602 620 2686 αἱρέεται·
647 2603 684 2668 ἐν
698 2599 760 2686 μὲν
774 2597 837 2685 γάρ
852 2604 892 2687 τῆ
907 2601 941 2664 ολ
952 2601 1066 2677 παῖδες

68 2695 147 2776 τοῦς
160 2701 303 2783 πατέρας
316 2697 505 2782 θάπτουσι,
527 2699 559 2781 έν
581 2697 616 2766 δέ
631 2707 675 2789 τῷ
692 2704 725 2766 ολ
739 2699 876 2783 πατέρες
892 2693 972 2773 τούς
987 2709 1066 2762 παλ-

68 2800 137 2874 δας.
169 2791 253 2862 άλλά
267 2801 370 2861 ταῦτα
386 2799 522 2879 δαίμοσί
532 2820 565 2862 κε
576 2822 596 2857 ο
610 2801 711 2880 φίλου
729 2787 775 2882 ἦν
792 2793 880 2862 οὕτω
896 2796 1064 2879 γενέσθαι.

64 2889 99 2960 '0
117 2891 183 2978 μὲν
202 2897 306 2957 ταῦτα
322 2895 434 2976 ἔλεγε,
460 2898 572 2977 Κῦρος
596 2893 630 2959 δὲ
651 2889 756 2959 αύτόν
778 2892 881 2967 λύσας
903 2888 1017 2956 κάτισέ
1030 2914 1065 2955 τε
1082 2902 1118 2956 88

67 2985 169 3074 ἐγγύς
184 2989 311 3055 ἑωυτοῦ
325 2989 379 3055 καί
394 2988 499 3071 κάρτα
517 2990 674 3076 ἐνμολλῆ
690 2984 969 3073 προμηθείηέἷχε,
985 2982 1067 3051 άπε-

67 3085 231 3169 θόυμαζέ
246 3108 282 3150 τε
296 3080 403 3169 ὁρέων
419 3088 474 3153 καλ
488 3084 589 3164 αύτός
608 3088 659 3154 καί
674 3090 709 3154 οί
723 3087 798 3169 περὶ
815 3086 943 3151 ἐκείνου
959 3083 1069 3161 ἐόντες

68 3181 214 3257 πάντες·
230 3174 248 3244 ὁ
263 3180 299 3248 δέ
312 3187 454 3270 συννοίη
468 3184 620 3269 ἐχόμενος
642 3179 759 3266 ἥσυχος
772 3173 825 3265 ῆν.
852 3177 934 3264 μετά
949 3184 984 3246 δέ
996 3183 1069 3246 ἐπι-

68 3285 230 3366 στραφείς
249 3303 284 3345 τε
305 3282 359 3346 καὶ
382 3281 536 3366 ἰδόμενος
555 3279 634 3359 τούς
660 3283 785 3365 Πέρσας
804 3274 841 3345 τό
864 3284 932 3344 τόν
945 3280 1069 3344 Λυδόν

66 3376 157 3444 άστυ
181 3381 389 3459 νεραλζονιας
435 3375 521 3444 εἷπε·
561 3371 600 3444 Ὠ
615 3383 771 3465 βασιλεῦ,
797 3375 936 3459 κότερον
959 3379 1070 3461 λέγειν

1045 3472 1120 3616 Ι
