2354 3840
248 190 335 253 Llss.
368 191 415 247 Ν.
451 190 548 248 οΑΡ.
584 198 758 256 ιιι-ιτα.
941 196 1004 261 σε’)

38 377 67 429 ·ς.
91 348 171 430 τούς
186 375 221 417 τε
242 350 284 433 δη
301 345 423 426 ἄλλους
438 351 503 433 ἔχει
517 345 577 415 ὑπ’
601 351 714 442 ἑωυτῷ
732 355 877 470 Θρήιήας
893 359 948 427 καί
962 355 1003 446 δὴ

38 449 55 516 δ
70 443 149 525 τοῦς
164 444 243 533 ἡμῖν
255 443 370 522 ἐόντας
381 445 630 531 πλησιοχώρους
642 451 752 529 Γέτας.
788 458 899 519 Ταῦτα
910 462 1005 521 Σκυ-
1024 467 1071 523 119

38 553 94 616 λων
114 546 411 632 ἐπαγγελλομένων
425 544 645 631 ἐβουλεύοντο
669 552 703 616 ot
720 552 870 636 βασιλέες
888 555 922 619 ot
936 548 1001 619 άπὸ

38 655 67 715 ἰν
78 647 209 715 ἐθνέων
220 641 374 731 ἡκοντες,
398 648 456 709 καί
469 661 584 726 σφεων
595 644 797 732 ἐσχίσθησαν
811 655 847 716 αι’
855 656 986 736 γνῶμαι

38 741 96 827 μέν
110 737 263 820 Γελωνός
284 742 338 808 καὶ
353 737 371 808 6
387 742 551 816 Βουδῖνος
571 741 625 807 καὶ
642 737 660 807 6
676 746 901 832 Σαυρομάτης
917 745 1000 815 κατὰ

37 836 106 906 λυτδ
121 837 298 925 γενόμενοι
314 833 517 905 ὑπεδέκοντο
529 835 689 926 Σκύθησι
704 843 915 932 τιμωρήσειν,
932 843 950 914 6
964 845 1000 914 δέ

37 937 206 1023 γάθυρσος
227 938 283 1006 καί
302 931 437 1023 Νευρὺς
464 938 518 1003 καὶ
541 932 768 1025 Ἀνδροφάγος
793 945 849 1012 καί
878 949 912 1012 οί
935 953 1003 1013 τόν

37 1042 265 1122 ἐλαγχλαίνων
275 1038 331 1103 καί
345 1034 489 1123 Ταύρων
500 1034 579 1101 τάδε
589 1035 749 1125 Σκύθησι
760 1037 1000 1128 ὑπεκρίναντο·

37 1136 117 1221 ῑμὲν
133 1131 177 1220 μὴ
194 1131 288 1220 ὑμεῖς
305 1138 378 1201 ἔατε
399 1137 433 1201 oc
451 1132 617 1218 πρότερον
639 1129 856 1222 άδικήσαντες
870 1143 1001 1227 Πέρσας

37 1235 53 1301 λ
68 1231 225 1320 άρξαντες
233 1235 397 1317 πολέμου,
414 1231 543 1299 τούτων
554 1230 707 1316 δεόμενοι
721 1239 788 1300 τῶν
805 1242 870 1302 νῦν
882 1239 1000 1304 δέεσθε

37 1337 108 1418 γειν
122 1357 157 1398 τε
178 1326 222 1397 δυ
239 1332 420 1416 ἐφαίνεσθε
440 1325 521 1416 ἡμῖν
537 1325 630 1417 ὀρθά
633 1380 643 1415 ,
669 1331 724 1398 καὶ
741 1328 832 1418 ἡμεῖς
847 1329 1001 1401 ὑπακού-

37 1457 116 1512 εντες
131 1428 237 1500 τώυτό
259 1425 303 1498 άν
321 1427 402 1514 ὑμῖν
422 1429 640 1516 ἐπρήσσομεν.
675 1436 740 1498 νῦν
754 1429 790 1498 δὲ
808 1429 902 1518 ὑμεῖς
916 1459 951 1500 τε
967 1435 1000 1512 ἐς
1081 1506 1084 1512 ,

38 1557 59 1597 ν
85 1531 223 1597 ἐκείνων
243 1528 440 1616 ἐσβαλόντες
460 1534 524 1615 γῆν
547 1527 631 1595 άυευ
654 1524 766 1615 ἡμέων
790 1532 1000 1617 ἐπεκρατέετε

36 1630 172 1714 ερσέων,
188 1625 272 1694 ὅσον
281 1625 406 1714 χρόνον
417 1623 498 1713 ὑμῖν
508 1624 526 1696 ὁ
538 1623 621 1705 θεὺς
634 1631 832 1715 παρεδίδου,
848 1632 903 1699 καὶ
914 1632 1001 1699 ἐκεῖ·

36 1755 70 1812 Ιι,
92 1727 165 1794 ἐπεί
182 1745 287 1812 σφεας
308 1724 413 1804 ὑυτδς
433 1723 515 1805 θεός
536 1729 673 1814 ἐγείρει,
695 1724 757 1812 τὴν
776 1725 897 1815 ὁμοίην
919 1728 1000 1816 ὑμίν

36 1825 207 1891 ιοδιδοῦσι.
229 1820 323 1909 ἡμεῖς
338 1824 374 1891 δὲ
392 1823 469 1891 οὔτε
485 1849 515 1890 τι
530 1823 606 1891 τότε
625 1820 830 1911 ήδικήσαμεν
845 1824 922 1905 τοῦς
937 1826 1000 1893 άν-

36 1950 78 2002 ας
98 1921 239 2001 τούτους
260 1920 377 2009 οὐδὲν,
399 1921 477 1991 οὔτε
498 1930 564 1991 νῦν
589 1923 746 2011 πρότεροι
769 1922 999 2012 πειρησόμεθα

36 2025 153 2089 λικέειν.
176 2015 220 2107 ἢν
234 2025 348 2102 μέντοι
363 2025 438 2107 ἐπίη
455 2025 510 2090 καὶ
531 2025 584 2090 ἐπὶ
603 2019 665 2108 τὴν
681 2019 845 2110 ἡμετέρην
864 2022 948 2113 άρξη
963 2051 999 2093 τε

36 2117 214 2205 “ικέων,καὶ
227 2112 321 2204 ἡμεῖς
335 2114 376 2185 ού
391 2116 630 2206 περιοψόμεθα.
644 2122 739 2205 μέχρι
754 2118 790 2188 δὲ
804 2128 901 2189 τοῦτο
918 2125 1000 2189 ίδω-

37 2241 74 2298 ν,
94 2215 256 2299 μενέομεν
272 2211 351 2302 παρ’
370 2212 451 2301 ἡμῖν
471 2212 617 2282 αὑτοῖσι·
640 2212 735 2301 ήκειν
757 2214 821 2304 γάρ
838 2222 998 2306 δοκέομεν

35 2339 60 2378 κ
77 2309 128 2378 ἐπ’
150 2308 252 2398 ἡμέας
269 2315 418 2397 Πέρσας,
440 2309 514 2379 ἀλλ’
538 2314 591 2379 ἐπὶ
608 2309 687 2391 τοῦς
706 2318 831 2392 αίτίους
852 2322 909 2403 τῆς
924 2313 999 2384 άδι-

35 2433 68 2493 ης
84 2411 293 2494 γενομένους.

82 2512 193 2574 Ταῦτα
200 2503 250 2584 ·ὑς
262 2503 502 2594 ἀπενειχθέντα
514 2506 682 2574 ἐπύθοντο
695 2510 729 2574 οί
733 2508 882 2596 Σκύθαι,
897 2511 992 2597 ἐβου·
1020 2538 1070 2594 m

35 2603 132 2671 ύοντο
149 2611 333 2692 ἰθυμαχίην
347 2605 409 2692 μὲν
429 2608 594 2692 μηδεμίαν
610 2605 786 2673 ποιέεσθαι
803 2609 840 2674 ἐκ
860 2613 920 2674 τοῦ
939 2608 955 2674 έ
978 2647 997 2659 -

35 2705 136 2787 ινέος,
153 2700 205 2770 ὅτι
221 2703 262 2791 δή
277 2724 338 2789 σφι
354 2696 451 2772 οὑτοί
458 2729 495 2790 γε
507 2702 674 2790 σύμμαχοι
689 2699 732 2770 ού
743 2707 997 2792 προσεγένοντο,

34 2801 188 2881 τεξιόντες
204 2805 240 2870 δὲ
256 2805 311 2871 καλ
328 2798 611 2883 ὑπεξελαύνοντες
627 2797 667 2868 τά
686 2804 831 2888 φρέατα,
854 2797 893 2869 τὺ
911 2826 998 2889 παρ-

34 2908 114 2968 ὀιευ
137 2900 250 2986 αὑτοὶ,
271 2905 327 2970 καί
347 2898 405 2980 τάς
425 2899 551 2990 κρήνας
572 2906 739 2986 συγχοῦν,
761 2897 823 2987 τὴν
844 2905 945 2986 ποίην
961 2923 997 2967 τε

50 3004 107 3084 τῆς
128 3005 187 3085 γῆς
203 3000 384 3086 ἐκτρίβειν,
407 3003 502 3085 διχοῦ
517 3000 621 3084 σφέας
636 2995 811 3074 διελόντες.
843 2998 898 3064 καλ
912 2992 996 3085 πρὸς

33 3119 53 3158 ν
73 3091 136 3180 τὴν
160 3102 241 3182 μίαν
263 3103 331 3164 τῶν
351 3100 513 3186 μοιρέων,
535 3103 593 3184 τῆς
613 3099 784 3183 ἐβασίλευε
804 3091 994 3180 Σκώπασις,

34 3197 218 3282 οσχωρέειν
232 3197 472 3286 Σαυρομάτας·
492 3197 633 3274 τούτους
648 3194 710 3282 μέν
725 3189 765 3279 δὴ
781 3189 936 3280 ὑπάγειν,
951 3188 994 3281 ήν

34 3295 42 3360 λ
62 3298 161 3361 τοῦτο
181 3292 346 3380 τράπηται
367 3289 385 3362 ὑ
403 3296 551 3383 Πέρσης,
579 3289 640 3364 ίθὺ
659 3291 824 3372 Τανάϊδος
844 3296 994 3378 ποταμοῦ

36 3385 77 3471 ρδ
97 3385 159 3477 τὴν
174 3395 325 3476 Μαιῆτιν
342 3397 465 3480 λίμνην
486 3389 761 3477 ὑποφεύγοντας,
783 3387 992 3459 άπελαύνονὲ
