2354 3840
300 230 385 286 ΜΒ.
417 232 450 287 11.
483 231 581 289 cAP.
615 240 787 294 ιιε-ιιε,
997 230 1056 295 171

40 382 193 455 ἀνόσιον
218 391 255 457 έν
279 395 318 477 τή
334 387 467 457 Ἐλλάδι
494 391 747 476 ἐξεργασμένος·
777 395 888 472 ξείνου
908 392 973 480 γάρ
996 399 1058 461 τοῦ

41 484 181 552 ἑωυτοῦ
195 485 401 573 ἐξαπατήσας
411 482 474 571 τήν
488 500 643 572 γυναῖκα,
661 485 767 574 αὐτήν
777 515 812 556 τε
825 490 951 576 ταύτην
965 490 1058 577 ἀγων

40 580 124 667 ἥκει
138 583 196 649 καὶ
210 582 317 653 πολλοὶ
329 585 436 669 κάρτα
445 586 611 672 χρήματα,
628 583 694 653 ὑπ’
710 583 843 673 ἀνέμων
857 591 889 667 ἐς
900 597 964 676 γῆν
976 588 1059 657 ταύ-

42 706 112 765 την
127 678 355 769 ἀπενειχθείς·
378 682 498 770 κότερα
515 687 597 769 θῆτα
613 691 734 752 τοῦτον
752 688 859 772 ἐώμεν
872 685 988 756 ἀσινέα
1003 690 1059 756 έκ-

43 777 197 866 πλώειν,
217 774 239 865 ή
256 777 459 866 ἀπελώμεθα
473 777 513 847 τά
531 786 615 867 ἔχων
632 774 733 866 ήλθες
752 781 960 870 Ἀντιπέμπει
974 781 1059 871 πρός

45 882 158 942 ταῦτα
175 872 193 943 ὁ
209 873 369 961 Πρωτεύς
383 882 524 963 λέγοντα
545 877 642 946 τάδε·
665 876 792 966 ’Άνὸρα
808 887 946 967 τοῦτον,
969 879 1059 960 ὅστις

44 980 131 1049 κοτέ
143 979 210 1044 ἐστι
225 973 346 1045 ἀνόσια
363 980 565 1064 ἐργασμένος
579 983 689 1058 ξεῖνον
703 976 763 1045 τόν
779 982 917 1066 ἑωυτοῦ,
934 986 1058 1046 συλλα-

46 1074 170 1161 βόντες
187 1073 331 1161 ἀπάγετε
346 1075 427 1165 παρ’
443 1081 517 1164 ἐμέ,
538 1077 742 1167 ἴναείδέω,ό
757 1106 789 1146 τι
804 1080 879 1147 κοτὲ
894 1083 948 1147 καί
963 1083 1056 1160 λέξει.

44 1169 212 1251 Ἀκούσας
233 1174 269 1241 δέ
290 1181 394 1242 ταῦτα
417 1171 562 1254 ὁΘώνις
583 1176 809 1263 συλλαμβάνει
829 1175 1059 1256 τόνἈλέξαν-
1072 1188 1122 1241 116

48 1274 137 1354 δρον
160 1274 215 1339 καί
237 1268 296 1350 τάς
316 1275 394 1351 νέας
417 1270 523 1341 αὐτοῦ
547 1280 708 1360 κατίσχει,
729 1271 811 1360 μετὰ
837 1273 873 1340 δέ
897 1271 1002 1342 αὐτόν
1023 1299 1059 1341 τε

48 1372 176 1436 τοῦτον
191 1365 338 1456 ἀνήγαγε
364 1372 397 1449 ές
414 1374 557 1457 Μέμφιν
578 1373 633 1437 καί
655 1368 716 1456 τήν
733 1368 871 1458 Ἑλένην
891 1397 926 1439 τε
947 1373 1001 1439 καί
1017 1367 1058 1437 τά

48 1464 219 1552 χρήματα,
241 1462 326 1550 πρός
340 1466 377 1535 δὲ
392 1470 447 1535 καὶ
464 1464 543 1546 τούς
559 1469 675 1544 ἱκέτας.
709 1464 1007 1552 ἀνακομισθέντων
1023 1465 1059 1532 δὲ

48 1563 192 1631 πάντων
209 1563 328 1651 εἰρώτα
342 1562 402 1632 τόν
413 1563 631 1652 Ἀλέξανδρον
646 1560 664 1632 ό
680 1560 854 1650 Πρωτεάς,
875 1569 924 1641 τίς
939 1572 988 1649 είη
1003 1565 1060 1630 καί

50 1658 183 1729 ὁκόθεν
203 1662 319 1730 πλώοι.
353 1660 371 1729 ὁ
399 1664 439 1730 δέ
461 1667 494 1730 οί
513 1664 567 1728 καὶ
587 1657 624 1729 τό
646 1664 743 1747 γένος
760 1661 909 1739 κατέλεξε
930 1660 1059 1743 καὶτῆς

49 1756 182 1844 πάτρης
197 1756 266 1826 εἶπε
283 1756 320 1826 τό
342 1757 489 1845 οὕνομα,
511 1761 566 1827 καὶ
582 1754 622 1844 δή
641 1761 696 1826 καὶ
720 1755 781 1825 τόν
804 1756 911 1825 πλόον
929 1753 1059 1842 ἀπηγή-

49 1875 134 1923 σατο
150 1851 275 1922 ὁκόθεν
293 1855 408 1923 πλώοι.
437 1852 519 1941 μετά
542 1855 578 1923 δὲ
599 1852 617 1923 ὁ
632 1850 791 1942 Πρωτεὺς
808 1847 1059 1940 εἰρώταάἀτόν,

49 1951 181 2021 ὁκόθεν
192 1949 254 2038 τήν
263 1950 400 2038 Ἑλένην
412 1954 526 2040 λάβοι·
542 1954 770 2037 πλανεομένου
785 1949 821 2017 δὲ
834 1955 895 2017 τοῦ
905 1945 1058 2026 Ἀλεξάν-

50 2052 139 2132 ὅρον
155 2049 191 2114 ἐν
204 2054 250 2138 τῷ
263 2048 353 2140 λόγῳ
367 2053 422 2117 καί
437 2048 479 2118 οό
495 2057 649 2136 λέγοντος
663 2046 724 2134 τήν
741 2043 901 2132 ἀλήθειαν
916 2043 1058 2134 ἤλεγχον

50 2150 86 2214 οί
99 2144 277 2232 γενόμενοι
299 2151 403 2216 ίκέται
425 2148 638 2234 ἐξηγεύμενοι
659 2147 769 2214 πάντα
784 2144 887 2231 λόγον
905 2151 968 2215 τοῦ
983 2141 1059 2210 άόι-

50 2242 207 2329 νήματος.
230 2246 323 2324 τέλος
338 2246 373 2313 δὲ
389 2245 431 2332 δή
446 2265 507 2330 σφι
521 2245 625 2330 λόγον
639 2245 737 2313 τόνδε
754 2246 905 2329 ἐκφαίνει
924 2240 1059 2329 ὁΠρω-

23 2354 27 2363 “
51 2338 145 2425 τεός,
160 2342 269 2426 λέγων
281 2340 332 2409 ότι
344 2340 426 2429 Ἐγώ
442 2348 472 2410 εί
484 2341 528 2429 μή
544 2345 619 2428 περὶ
631 2347 758 2409 πολλοῦ
768 2337 921 2426 ἡγεόμην
932 2341 1058 2425 μηδένα

50 2445 173 2519 ξείνων
188 2444 348 2526 κτείνειν,
366 2438 440 2508 ὅσοι
465 2437 527 2507 ὑπ’
544 2439 678 2525 ἀνέμων
697 2436 761 2524 ήδη
782 2434 1060 2521 ἀπολαμφθέντες

50 2528 163 2624 ήλθον
179 2537 212 2613 ἐς
221 2536 335 2625 χώρην
348 2534 411 2624 τήν
423 2540 524 2624 έμήυ,
544 2534 608 2624 ἐγώ
623 2535 667 2603 ἀν
681 2557 718 2602 σε
731 2533 817 2620 ὑπὲρ
831 2541 893 2601 τοῦ
900 2531 1060 2620 Ἕλληνος

51 2635 230 2722 ἐτισάμην,
247 2635 300 2723 ός,
318 2629 345 2705 ό
360 2639 495 2706 κάκιστε
510 2636 661 2725 ἀνδρῶν,
686 2642 818 2715 ξεινίων
834 2631 944 2720 τυχών
960 2640 1059 2720 έργον

51 2731 282 2802 ἀνοσιώτατον
299 2735 460 2822 ἐργάσαο·
488 2732 579 2816 παρὰ
604 2740 664 2802 τοῦ
684 2738 834 2800 σεωυτοῦ
861 2735 973 2812 ξείνου
997 2729 1060 2818 τήν

51 2844 197 2915 γυναῖκα
216 2824 336 2916 ήλθες·
369 2835 424 2899 καί
448 2833 538 2917 μάλα
552 2831 657 2898 ταῦτά
676 2856 728 2897 τοι
743 2827 806 2898 οὐκ
825 2827 967 2917 ήρκεσε,
983 2826 1058 2896 ἀλλ’

51 2924 291 3013 ἀναπτερώσας
318 2926 425 3014 αὐτήν
453 2938 556 3016 οίχεαι
584 2933 668 3013 ἔχων
695 2929 863 3006 ἐκκλέψας.
897 2927 952 2992 καὶ
979 2921 1059 2991 οὐδὲ

49 3025 157 3092 ταῦτά
177 3048 230 3092 τοι
251 3031 362 3111 μοῦνα
375 3024 513 3112 ήρκεσε,
536 3023 620 3093 ἀλλά
638 3027 693 3092 καί
707 3021 748 3089 τά
766 3028 853 3090 οίκία
870 3027 930 3088 τοῦ
947 3025 1058 3100 ξείνου

50 3129 209 3209 κεραΐσας
223 3120 323 3208 ἥκεις.
357 3130 424 3190 νῦν
440 3117 489 3191 ών
510 3121 622 3209 ἐπειδή
641 3123 716 3205 περί
731 3125 858 3188 πολλοί·
872 3116 997 3206 ἥγημαι
1013 3115 1057 3204 μή

50 3221 312 3306 ξεινοκτονέειν,
333 3237 478 3307 γυναῖκα
492 3224 555 3308 μὲν
579 3221 705 3305 ταύτην
727 3220 783 3285 καί
796 3214 836 3285 τά
851 3217 1001 3306 χρήματα
1017 3211 1060 3284 οὔ

49 3343 102 3386 τοι
117 3316 256 3405 προήσω
267 3315 475 3406 ἀπάγεσθαι,
494 3317 567 3388 ἀλλ’
581 3315 666 3386 αότά
681 3314 746 3402 έγώ
762 3316 807 3407 τῷ
814 3313 947 3402 Ἕλληνι
962 3320 1059 3408 ξείνφ

50 3417 209 3503 φυλάξω,
237 3418 270 3494 ές
296 3416 315 3483 ὃ
340 3412 383 3483 ἀν
408 3416 508 3496 αὐτός
535 3413 647 3486 ἐλθών
675 3418 801 3494 ἐκεῖνος
826 3411 1061 3498 ἀπαγαγέσθαι
