2354 3840
268 218 355 274 LIB.
387 219 406 275 Ι.
440 219 538 277 CAP.
571 221 746 277 189-192
951 211 1008 276 101

31 379 127 446 κέναι
142 378 247 467 ταότη
267 379 301 457 ές
314 374 378 465 τὴν
392 377 502 445 πόλιν.
535 370 624 442 οῦτω
638 399 674 442 τε
688 372 728 460 δὴ
744 373 843 456 τάξας
857 377 912 445 καί
925 371 1009 444 κατά

31 481 107 542 ιῦτα
126 479 331 564 παραινέσας
345 472 521 561 ἀπήλαυνε
540 470 643 552 αῦτός
666 470 732 540 σῦν
746 481 792 564 τῷ
807 471 932 564 άχρηίφ
946 479 1008 542 τοῦ

31 577 156 657 τρατοῦ.
186 569 389 660 ἀπικόμενος
405 572 441 640 δὲ
459 572 512 640 ἐπὶ
526 566 588 656 την
608 578 747 659 λίμνην,
776 570 881 658 τάπερ
902 569 1007 660 ἡτῶν

31 675 231 756 αβνλωνίων
243 677 396 759 βασίλεια
410 672 545 757 ἐποίησε
557 670 641 737 κατά
656 695 691 738 τε
705 669 766 739 τὸν
780 668 933 760 ποταμόν
951 671 1007 739 καί

31 765 85 835 ιτά
110 764 173 854 τὴν
197 777 336 858 λίμνην,
364 774 473 842 ἐποίεε
495 773 551 839 καί
568 768 586 837 ὁ
605 776 721 857 Κῦρος
735 774 832 859 ἕτερα
851 779 1006 844 τοιαῦτα·

31 867 61 934 *vv
70 860 139 953 γάρ
157 865 309 954 ποταμόν
324 869 464 955 ῦιοόρνχι
478 866 654 954 ἐσαγαγών
668 870 702 946 ές
715 866 777 955 την
791 876 914 957 λίμνην
928 873 1006 939 έοῦ-

31 990 65 1030 ιν
89 965 176 1051 ἕλος,
209 960 245 1032 τό
268 962 408 1055 άρχαίον
422 969 566 1054 ῥέεθρον
581 963 743 1052 διαβατὸν
757 966 842 1039 εἶναι
863 971 1008 1054 ἐποίησε,

31 1063 296 1152 τονοστήσαντος
304 1072 366 1133 τοῦ
376 1070 537 1150 ποταμοῦ.
560 1065 746 1150 γενομένου
757 1065 794 1133 δὲ
804 1064 927 1134 τοῦτον
936 1090 1008 1133 τοι·

31 1158 124 1247 ίτου,
151 1167 185 1230 οί
202 1165 348 1250 Πέρσαι,
384 1165 482 1250 οἵπερ
510 1161 682 1245 ἐτετάχατο
706 1157 757 1229 ἐπ’
785 1159 875 1252 αὐτῷ
899 1159 1008 1250 τοῦτφ

31 1253 86 1322 ιτά
100 1253 138 1324 τό
155 1260 300 1346 ῥέεθρον
313 1264 376 1327 τοῦ
390 1257 593 1344 Εὐφρήτεω,
613 1263 765 1342 ποταμοῦ
779 1255 1008 1342 ὑπονενοστη-

30 1352 100 1432 ότος
114 1351 213 1444 άνδρλ
227 1355 271 1437 όις
285 1361 318 1438 ές
331 1361 437 1446 μέσον
451 1354 562 1444 μηρόν
575 1355 721 1442 μάλιστά
734 1383 794 1444 κη,
809 1355 893 1425 κατά
907 1362 1007 1424 τοῦτο

30 1451 142 1539 τήῑσαν
155 1455 189 1532 ές
202 1451 265 1553 τὴν
283 1462 490 1544 Βαβυλῶνα,
511 1460 542 1522 εί
559 1455 622 1540 μέν
641 1479 708 1520 ννν
727 1453 965 1539 προεπύθοντο
986 1448 1008 1540 ἦ

30 1557 135 1615 ιαθον
150 1554 183 1617 οί
194 1554 408 1638 Βαβυλώνιοι
423 1549 460 1619 τό
479 1553 516 1620 έκ
530 1556 591 1618 τοῦ
605 1549 727 1635 Κῦρον
740 1549 961 1639 ποιεόμενον,
977 1555 1012 1618 οί

30 1645 33 1664 ’
59 1642 104 1713 άν
123 1649 331 1734 περιιδόντες
349 1650 430 1730 τούς
443 1656 575 1738 Πέρσας
597 1653 750 1727 ἐσελθεῖν
772 1653 806 1731 ές
825 1650 888 1739 τὴν
908 1651 1009 1720 πόλιν

30 1747 204 1833 ιέφθειραν
218 1749 374 1820 κάκιστα·
396 1756 675 1836 κατακληίσαντες
690 1746 756 1836 γάρ
770 1745 815 1818 άν
829 1750 937 1830 πάσας
951 1749 1009 1830 τάς

29 1870 36 1920 ς
49 1841 112 1911 τόν
126 1846 277 1935 ποταμόν
292 1853 433 1928 πυλίδας
449 1849 589 1935 ἐχούσας
599 1849 654 1915 καὶ
665 1844 761 1915 αὐτοὶ
775 1849 829 1916 ἐπὶ
839 1845 898 1928 τάς
908 1853 1008 1934 αίμα-

30 1938 80 2019 ιάς
93 1939 279 2030 ἀναβάντες
292 1944 352 2025 τάς
365 1944 456 2034 παρὰ
470 1943 510 2014 τά
524 1950 633 2032 χείλεα
647 1951 709 2012 τοῦ
723 1952 876 2032 ποταμοῦ
890 1949 1010 2033 έληλα-

30 2045 121 2127 ένας,
137 2048 258 2130 ἔλαβον
272 2045 315 2113 άν
329 2066 434 2133 σφεας
453 2043 496 2124 όις
511 2047 548 2113 έν
563 2045 678 2132 κόρτη.
701 2051 768 2111 νῦν
782 2043 819 2112 δὲ
832 2046 866 2125 ἐξ
880 2041 1009 2130 άπροσ-

30 2137 150 2225 νκήτον
169 2158 231 2225 σφι
247 2146 458 2229 παρέστησαν
480 2147 515 2211 οί
529 2143 667 2228 Πέρσαι.
700 2137 766 2208 ὑπό
792 2140 828 2209 δὲ
843 2140 1010 2229 μεγάθεος

30 2243 61 2321 ης
75 2236 208 2322 πόλιος,
230 2235 275 2318 ὡς
288 2242 418 2326 λέγεται
432 2238 500 2311 ὑπὸ
515 2246 585 2306 τῶν
597 2237 702 2326 ταότη
713 2241 917 2325 οἰκημένων,
940 2246 1009 2307 των

30 2336 80 2420 ερὶ
93 2331 134 2401 τά
148 2341 266 2421 ἔσχατα
276 2343 335 2424 τῆς
348 2336 467 2416 πόλιος
480 2335 677 2405 ἑαλωκότων
690 2332 770 2413 τοῦς
784 2333 821 2404 τό
840 2339 944 2422 μέσον
959 2342 1010 2404 οί-

29 2436 142 2511 εὀντας
170 2440 238 2501 τῦν
261 2441 493 2522 Βαβυλωνίων
522 2432 565 2501 οῦ
589 2432 781 2520 μανθάνειν
813 2431 1009 2518 ἑαλωκότας,

29 2531 106 2617 λλά,
126 2547 238 2620 τνχεῑν
253 2533 319 2620 γάρ
340 2554 402 2619 σφι
423 2536 551 2602 έοῦσαν
567 2530 687 2619 ὁρτὴν,
707 2532 863 2617 χορεύειν
880 2557 917 2600 τε
928 2539 1010 2600 τοῦ·

29 2663 64 2703 ιν
78 2633 139 2701 τόν
151 2633 277 2719 χρόνον
293 2637 348 2702 καί
367 2635 405 2702 ἐν
419 2631 617 2721 εὐπαθείῃσι
632 2629 735 2721 εἶναι,
753 2631 787 2710 ές
800 2625 822 2698 ὃ
834 2628 876 2718 δὴ
897 2633 953 2700 καί
971 2625 1009 2700 τό

29 2733 110 2820 άρτα
125 2731 304 2799 ἐπύθοντο.
338 2735 393 2800 καλ
410 2729 577 2818 Βαβυλών
591 2729 653 2818 μὲν
674 2726 764 2796 οῦτω
784 2728 859 2799 τότε
874 2740 1010 2819 πρῶτον

29 2837 174 2919 ραίρητο.

94 2926 165 3017 Τὴν
179 2933 215 2996 δὲ
230 2927 377 3013 ῦόναμιν
391 2935 459 2995 τῶν
469 2934 699 3016 Βαβυλωνίων
712 2934 865 2996 πολλοῖσι
879 2930 941 3014 μὲν
955 2929 1011 2998 καλ
1024 2950 1074 3004 192

29 3037 137 3097 λλοισι
152 3026 308 3115 όηλοόσω,
330 3024 393 3113 ὅση
410 3054 460 3106 τις
483 3028 568 3113 έστλ,
588 3029 625 3096 ἐν
640 3026 677 3095 δὲ
694 3023 735 3111 δὴ
751 3027 807 3094 καί
824 3031 917 3117 τῷδε.
946 3035 1008 3115 βα-

29 3125 91 3194 ιλέί
107 3130 154 3215 τῷ
173 3124 308 3215 μεγάλῳ
328 3126 361 3203 ἐς
376 3121 509 3212 τροφὴν
525 3119 631 3190 αὐτοῦ
654 3145 690 3193 τε
710 3122 766 3188 καί
778 3127 837 3208 τῆς
856 3130 1010 3212 στρατιῆς

29 3226 235 3308 ιαραίρηται,
256 3221 360 3306 πάρεξ
381 3227 443 3289 τοῦ
463 3220 592 3307 φόρον,
612 3225 658 3306 μῆ
676 3224 782 3305 πᾶσα,
803 3217 885 3307 ὅσης
903 3219 1006 3308 ἄρχει.

28 3311 159 3388 νοόῦειια
170 3312 219 3386 όν
232 3324 350 3406 μηνῶν
364 3317 492 3386 ἐόντων
506 3319 540 3397 ἐς
553 3315 615 3385 τόν
629 3312 786 3386 ἐνιαυτόν
800 3313 879 3394 τούς
895 3320 1008 3386 τέσσε-

28 3446 63 3496 κς
77 3424 185 3505 μῆνας
198 3420 312 3501 τρέφει
326 3442 386 3502 μιν
400 3413 634 3503 ἡΒαβυλωνίη
648 3413 756 3501 χάρη,
777 3410 857 3492 τοῦς
871 3415 907 3482 δὲ
921 3410 1008 3480 όκτώ
