2354 3840
130 201 191 263 134
508 202 762 262 HERODOTI

128 382 193 430 οισι
217 360 291 430 δέ’
276 387 363 448 ομοο
349 356 577 446 θηρίοισι’
558 387 580 447 η
605 360 716 429 δίαιτά
737 363 814 430 ἐστι.
850 359 916 433 άπό
940 372 1065 452 πυρῶν
1084 378 1130 437 ταί

128 463 277 545 κριθέων
303 451 404 527 ὧλλοι
429 455 569 542 ζύουσι,
597 463 795 543 Αἰγυπτίων
820 462 857 529 δέ
879 469 928 555 τῷ
947 466 1131 593 ποιευμὲνφ

128 555 193 625 άπὸ
209 557 340 625 τούτων
355 581 419 641 την
444 554 523 640 ζόην
543 552 674 632 ὄνειδος
687 557 846 643 μέγιστόν
863 562 949 649 έστι,
969 559 1034 630 άλλ
1072 558 1128 630 ἅτ’

127 652 278 740 ὀλυρέων
293 659 467 721 ποιεῦνται
491 656 596 738 σιτία,
618 647 678 729 τάς
704 650 790 733 ζειάς
813 660 1020 745 μετεξέτεροι
1041 660 1132 727 καλέ-

33 760 41 775 '
127 770 212 819 ουσι.
233 750 448 840 φυρέουσιτο
437 747 528 835 μέν
554 763 646 826 σταῖς
666 764 752 817 τοῖσι
774 754 869 840 ποσί,
890 751 953 821 τόν
974 757 1014 822 δὲ
1030 752 1132 841 πηλόν
1169 778 1171 789 ·

126 858 202 939 τῇσι
217 852 310 937 χερσὶ
323 847 431 919 καὶ
395 876 458 937 την
471 850 602 938 κόπρον
615 847 839 939 ἀναιρέονται.
860 879 901 922 τα
889 850 1026 924 αἰδοία
1039 847 1131 925 ωλλοι
1169 900 1171 911 =

127 949 190 1035 μὲν
205 951 283 1017 έωσι
304 944 349 1027 ὥς
364 949 536 1034 έγένοντο,
558 944 648 1035 πλὴν
663 946 737 1017 όσοι
758 947 825 1018 άπό
846 952 980 1020 τούτων
995 959 1130 1040 ἔμαθον,
1166 997 1171 1009 ·

126 1048 307 1134 Αἰγύπτιοι
332 1048 369 1116 δέ
389 1048 659 1134 περιτάμνονται.
692 1051 810 1135 εἵματα
826 1057 895 1118 τῶν
914 1051 979 1138 μὲν
1001 1050 1131 1142 άνδρύν

126 1152 264 1226 ἕκαστος
285 1153 351 1235 ἔχει
376 1148 457 1234 δύο,
486 1154 554 1215 τῶν
579 1150 615 1215 δὲ
640 1154 814 1233 γυναικῶν
838 1152 877 1216 ἓν
902 1150 1036 1239 ἑκάστη.
1069 1156 1131 1219 τόν
1159 1168 1165 1177 “

125 1252 240 1317 ίστίων
256 1242 337 1325 τούς
356 1252 494 1334 κρίκους
511 1248 567 1313 καλ
581 1242 661 1324 τούς
677 1247 804 1324 κάλους
818 1250 854 1315 οί
864 1250 927 1333 μὲν
941 1246 1041 1317 ἄλλοι
1057 1252 1131 1331 ἔξω·

123 1357 188 1415 θεν
205 1348 424 1434 προσδέουσι,
446 1347 627 1432 Αἰγύπτιοι
642 1347 679 1415 δέ
693 1352 833 1415 ἔσωθεν.
855 1340 1131 1438 γράμματαγρά-

124 1464 228 1528 φουσι
252 1444 308 1510 καὶ
332 1448 519 1529 λογίζονται
544 1444 689 1531 ψήφοισι
706 1440 865 1529 Ἕλληνες
887 1445 950 1531 μέν
976 1444 1044 1517 άπό
1068 1454 1131 1517 τῶν

124 1540 310 1627 ἀριστερῶν
326 1543 379 1609 έπλ
398 1538 439 1609 τά
458 1538 549 1622 δεξιά
565 1544 725 1628 φέροντες
738 1539 801 1630 την
822 1555 933 1632 χείρω,
956 1546 1131 1632 Αἰγύπτιοι

124 1639 159 1706 δέ
171 1635 236 1705 άπὸ
249 1644 318 1706 τῶν
332 1642 451 1718 δεξιῶν
463 1641 515 1708 ἐπὶ
527 1637 568 1708 τά
580 1637 756 1727 άριστερά·
779 1645 835 1710 καί
845 1649 1022 1724 ποιεῦντες
1030 1650 1129 1713 ταῦτα

36 1756 40 1767 “
123 1733 218 1803 αὐτοὶ
243 1737 306 1821 μέν
330 1757 412 1824 φασι
434 1739 487 1806 ἐπὶ
507 1735 548 1805 τὰ
568 1735 660 1818 δεξιά
681 1741 825 1827 ποιέειν,
840 1739 1005 1828 Ἕλληνας
1026 1746 1065 1813 δὲ
1086 1734 1129 1811 ἑά

122 1834 290 1922 ἀριστερά.
315 1840 500 1923 διφασίοισι
516 1841 553 1906 δὲ
566 1838 739 1926 γράμμασι
752 1844 924 1929 χρέονται,
946 1844 1004 1912 καί
1015 1841 1060 1912 τά
1073 1840 1129 1929 μέν

72 1950 107 2008 87
126 1931 238 2004 αὐτῶν
259 1932 334 2022 ἱρά,
365 1933 406 2003 τά
432 1935 469 2004 δέ
491 1935 654 2024 δημοτικά
680 1940 841 2007 καλέεται.
893 1934 1130 2029 Θεοσεβέεςδλ

121 2042 286 2124 περισσῶς
312 2036 423 2114 έόντες
449 2038 592 2123 μάλιστα
615 2038 754 2106 πάντων
778 2034 976 2127 άνθρωπων
999 2040 1130 2128 νόμοισι

120 2137 278 2203 τοιοισίδε
290 2138 453 2221 χρέονται.
476 2137 514 2203 έκ
526 2138 677 2222 χαλκέων
694 2143 864 2224 ποτηρίων
877 2142 1034 2223 πίνουσι,
1060 2140 1126 2205 διτ·

121 2237 278 2319 σμέοντες
293 2229 359 2301 άνά
374 2240 486 2301 πᾶσαν
500 2231 648 2322 ἡμέρην,
666 2231 763 2302 ούκο
752 2231 860 2321 ’μὲν,
878 2231 946 2302 ὁδ’
966 2229 1026 2320 ού,
1050 2221 1127 2303 ἄλλά

120 2329 252 2409 πάντες.
284 2333 400 2417 εἵματα
421 2332 458 2399 δέ
478 2339 573 2401 λίνεα
587 2337 750 2419 φορέουσι
765 2335 830 2401 αἰεί
852 2331 1041 2421 νεόπλυτα,
1061 2336 1129 2403 ἑπι-

22 2426 26 2433 ’
119 2429 316 2518 κηδεύοντες
336 2436 435 2498 τοῦτο
451 2430 604 2517 μάλιστα.
630 2431 673 2498 τά
689 2456 726 2498 τε
741 2433 853 2499 αἰδοία
869 2430 1128 2518 περιτάμνονται

119 2528 364 2615 καθαριότητος
388 2532 528 2615 εἵνεκεν,
547 2532 782 2616 προτιμέοντες
807 2528 972 2617 καθάριοι
998 2520 1127 2614 εἶναιῆ

120 2626 385 2714 εὐπρεπέστεροι.
415 2632 450 2696 οί
463 2628 500 2696 δέ
520 2629 607 2714 ἱρέες
622 2629 800 2714 ξυρέονται
815 2633 884 2694 πᾶν
903 2626 941 2695 τό
957 2633 1057 2714 σῶμα
1076 2620 1126 2694 διά

118 2731 229 2812 τρίτης
245 2722 386 2810 ἡμέρης,
408 2728 465 2791 ἵνα
482 2725 565 2812 μήτε
579 2726 684 2811 φθελρ
697 2725 781 2812 μήτε
797 2721 879 2794 ἄλλο
895 2723 1055 2813 μυσαρὸν
1068 2750 1126 2813 μη-

25 2879 27 2883 ,
118 2830 177 2895 δὲν
198 2829 369 2912 ἐγγίνηταί
387 2844 448 2911 σφι
461 2826 695 2911 θεραπεύουσι
710 2823 790 2904 τούς
809 2826 924 2904 θεούς.
953 2828 1082 2915 έσθῆτα
1094 2822 1125 2893 δέ

25 2995 28 3001 ,
118 2927 281 3010 φορέουσι
296 2925 331 2989 οί
352 2924 438 3008 ίρέες
459 2924 576 3008 λινέην
596 2923 747 3043 μούνην,
768 2926 824 2991 καὶ
844 2920 1047 3019 ὑποδήματα
1066 2923 1125 3014 βύ-

117 3031 234 3110 βλινα
264 3019 370 3108 ἄλλην
385 3023 426 3089 δέ
437 3041 499 3107 σφι
514 3023 641 3108 ἐσθῆτα
662 3017 726 3087 ούκ
747 3023 851 3100 έζεστι
880 3026 1017 3109 λαβεῖν,
1050 3017 1124 3091 ούδλ

116 3116 315 3206 ὑποδήματα
337 3114 430 3186 άλλα.
461 3126 601 3187 λοῦνται
623 3116 659 3186 δέ
684 3119 734 3197 δίς
755 3145 813 3204 της
835 3115 961 3205 ημέρης
989 3118 1124 3205 ἑκάστης

116 3222 252 3307 ψυχρῷ,
280 3217 335 3285 καλ
352 3218 402 3294 δίς
427 3216 567 3303 ἑκάστης
591 3216 723 3295 νυκτός.
757 3213 860 3295 άλλας
882 3241 919 3283 τε
938 3222 1123 3305 θρησκηίας

116 3317 321 3383 ἐπιτελέουσι
341 3321 462 3399 μυρίας
489 3313 533 3394 ὡς
553 3321 659 3384 είπείν
684 3316 785 3408 λόγῳ.
818 3315 986 3406 πάσχουσι
1010 3318 1051 3385 δὲ
1072 3313 1123 3383 τά

115 3408 229 3497 άγαθά
259 3409 322 3480 ούκ
346 3409 452 3498 ὀλίγα.
487 3412 566 3484 οὔτε
585 3441 617 3483 τι
637 3411 703 3503 γάρ
723 3422 792 3483 τῶν
812 3419 952 3501 οίκηίων
972 3422 1122 3505 τρίβουσι
