2354 3840
128 172 190 235 168
504 178 754 234 HERODOTI

129 333 380 422 ἁμαξευομένην
403 342 531 421 πᾶσαν,
546 334 660 404 ένδεέα
672 335 811 405 τούτων.
839 335 906 406 ἀπό
923 334 992 425 γάρ
1014 334 1125 407 τούτου
1153 398 1155 405 .

128 438 188 498 τοῦ
208 430 334 518 χρόνον
349 442 520 518 Αίγνπτος
540 435 641 500 ἐοῦσα
656 429 772 511 πεδιάς
796 440 887 501 πάσα
909 432 1059 513 ἀνιππος
1079 432 1124 501 καί

128 527 354 615 ἀναμάξευτος
371 533 505 616 γέγονε·
526 540 627 598 αίτιαι
648 528 685 597 δὲ
701 530 831 598 τούτων
846 537 885 600 αί
898 531 1063 619 διόρνγες
1075 556 1123 617 γε·
1152 572 1155 579 -

127 628 247 712 γόνασι
271 629 386 695 ἐοῦσαι
406 631 524 696 πολλαί
546 630 601 695 καὶ
621 635 801 706 παντοίους
820 628 969 714 τρόπους
989 634 1119 715 ἐγονσαι
1150 644 1155 691 ι

128 724 357 809 κατέταμνεδέ
370 729 470 791 τοῦδε
484 728 612 792 εἵνεκεν
625 723 688 811 την
701 726 815 813 χεόμην
830 724 848 794 ό
863 726 1041 814 βασιλεύς·
1059 722 1118 793 ὅσοι

129 828 197 888 τῶν
212 825 408 906 Αἰγυπτίων
422 820 466 909 μη
492 824 545 890 ἐπὶ
568 829 614 912 τῷ
639 828 777 911 ποταμῷ
797 818 1023 901 κεκτέατοτάς
1039 820 1119 899 πόλις

128 915 202 986 ἀλλ’
220 915 425 1007 ἀναμέσους,
452 914 562 1006 οὗτοι,
581 919 667 999 ὅκως
681 947 716 988 τε
730 917 823 988 ἀπίοι
839 919 857 987 ό
873 919 1035 1007 ποταμός,
1047 940 1118 987 σπα-

127 1025 271 1099 νίζοντες
284 1016 419 1088 ὑδάτων
429 1024 660 1105 πλατυτέροισι
675 1022 827 1107 ἐχρέοντο
841 1033 929 1087 τοτσι
943 1018 1117 1105 πόμασηέιι

128 1118 283 1207 φρεάτων
302 1119 484 1206 χρεόμενοι.
512 1118 643 1187 τούτων
656 1116 718 1204 μέν
733 1113 774 1204 δὴ
791 1121 920 1185 εἵνεκεν
941 1114 1116 1203 κατετμήθη

60 1216 146 1305 ιρςὴ
175 1227 353 1303 Αἴγυπτος.
405 1225 610 1303 Κατανελμαι
635 1215 670 1283 δέ
696 1213 758 1301 την
779 1214 892 1301 χώρην
918 1219 1117 1301 Αέγνπτίοισι

128 1317 230 1386 άπασι
245 1325 366 1387 τοῦτον
381 1323 497 1403 ἐλεγον
520 1313 581 1385 τόν
596 1316 751 1403 βασιλέα,
772 1321 899 1401 κλῆρον
915 1323 994 1382 ἴσον
1008 1312 1117 1400 ἑκάστη
1152 1386 1154 1397 ,

128 1421 339 1507 τετράγωνον
365 1417 519 1503 διδόντα,
548 1419 604 1484 καί
628 1413 693 1484 ἀπδ
716 1417 839 1483 τούτου
860 1412 919 1493 τὰς
943 1412 1117 1501 προσόδους
1151 1436 1154 1471 i

127 1515 350 1602 ποιήσασθαι,
373 1515 569 1595 ἐπιτάξαντα
584 1510 762 1601 ἀποφορὴν
777 1513 957 1581 ἐπιτελέειν
971 1506 1045 1579 κατ’
1060 1510 1118 1577 ἐνι-

128 1612 243 1680 αυτόν.
268 1617 298 1679 εί
311 1614 351 1680 δέ
367 1638 458 1691 τινος
478 1618 539 1678 τού
554 1612 682 1698 κλήρου
702 1608 720 1677 ὁ
736 1607 883 1696 ποταμός
895 1635 928 1676 τι
944 1607 1117 1695 παρέλοιτο
1152 1634 1154 1643 ·

127 1710 240 1779 έλθύν
262 1707 306 1780 ἀν
325 1710 410 1800 πρός
427 1710 531 1782 αύτόν
546 1713 705 1799 ἐσήμαινε
724 1710 761 1779 τδ
784 1712 1026 1798 γεγενημένον·
1057 1704 1118 1777 ὁδὶ

48 1840 52 1847 ·
127 1818 252 1899 ἔπεμπέ
266 1812 345 1892 τούς
360 1817 642 1901 ἐπισκεψομένους
658 1816 713 1881 καί
734 1809 1041 1898 ἀναμετρήσοντας,
1061 1804 1119 1895 όσμ

128 1912 279 1979 ἐλάσσων
296 1909 434 1997 δχῶρος
448 1915 581 1997 γέγονε,
604 1908 690 1988 ὅκως
705 1916 766 1977 τοῦ
787 1912 907 1977 λοιποῦ
923 1899 1008 1973 κατά
1028 1900 1118 1989 λόγον

126 2015 183 2094 τῆς
194 2011 393 2094 τεταγμένης
403 2007 578 2093 ἀποφορῆς
588 2014 703 2077 τελέοι.
727 2009 833 2075 δοκέει
848 2009 887 2073 δέ
897 2030 956 2091 μοι
969 2005 1119 2072 ἐνθεῦτεν

126 2113 308 2192 γεωμετρίη
325 2103 503 2191 εὑρεθεῖσα
518 2109 551 2186 ές
564 2105 626 2194 τὴν
635 2105 777 2176 Ἑλλάδα
792 2109 1001 2174 ἐπανελθεῖν.
1023 2100 1119 2171 πόλον

125 2205 187 2290 μὲν
201 2202 266 2288 γάρ
281 2207 336 2272 καί
351 2204 509 2290 γνάμονα
524 2208 579 2273 καὶ
592 2203 633 2273 τά
649 2205 802 2273 δυόδεκα
816 2204 917 2289 μέρεα
931 2207 992 2287 τῆς
1009 2196 1118 2287 ἡμέρης

125 2300 216 2386 παρά
230 2310 458 2389 Βαβυλωνίων
473 2310 603 2390 ἔμαθον
617 2301 824 2387 οίἝλληνες.

60 2416 109 2467 110
207 2396 371 2478 Βασιλεύς
391 2403 453 2486 μέν
475 2398 515 2487 δὴ
538 2393 636 2478 οὗτος
657 2407 783 2489 μοῦνος
803 2399 987 2484 Αίγύπτιος
1006 2400 1118 2465 Αἰθιο-

123 2504 200 2584 πίης
213 2490 310 2585 ἦρξε,
332 2500 531 2585 μνημόσυνα
545 2498 582 2566 δέ
604 2501 732 2566 ἐλίπετο
753 2491 817 2583 πρό
833 2500 894 2561 τού
911 2490 1118 2579 Ἡφαιστείου

124 2591 327 2678 ἀνδριάντας
340 2601 495 2673 λιθίνους
528 2597 589 2663 δύο
604 2597 667 2682 μέν
680 2596 858 2682 τριήκοντα
872 2594 1023 2681 πηχέων,
1042 2592 1119 2657 ἑωυ-

122 2690 183 2759 τόν
201 2717 235 2758 τε
255 2694 311 2758 καὶ
330 2689 392 2777 την
411 2708 573 2779 γυναῖκα,
594 2691 673 2772 τούς
694 2693 730 2759 δὲ
745 2694 865 2767 παῖδας
879 2687 997 2766 ἐόντας
1014 2690 1119 2755 τέσσε-

122 2813 199 2872 ρας,
222 2795 326 2855 είκοσι
342 2792 473 2874 πηχέων
488 2794 637 2858 ἕκαστον.
659 2797 727 2858 τῶν
743 2785 783 2874 δη
799 2783 922 2873 ὁίρεύς
935 2780 1119 2871 τούἮφνί-

122 2903 204 2950 στου
218 2881 329 2973 χρόνῳ
353 2887 543 2969 μετέπειτεν
559 2893 672 2976 πολλῷ
686 2898 834 2973 Δαρεῖον
850 2881 911 2950 τόν
924 2886 1063 2970 Πέρσην
1082 2874 1120 2948 ού

120 2985 267 3066 περιεῖδε
283 2983 419 3049 ίστάντα
440 2989 634 3071 ἔμπροσθεν
649 2982 850 3071 ἀνδριάντα,
873 2975 941 3059 φάς
956 2976 1000 3048 ού
1018 2984 1054 3047 σί
1065 3002 1120 3047 πε-

119 3082 283 3162 ποιῆσθαι
304 3083 384 3165 ἔργα
423 3075 542 3165 οἷάπερ
563 3082 735 3169 Σεσιόστρι
760 3086 806 3170 τῷ
825 3082 1009 3167 Αίγνπτίςσ.
1058 3078 1121 3147 Σέ

120 3192 267 3256 σωστριν
286 3177 348 3259 μὲν
372 3172 437 3262 γάρ
458 3174 543 3245 ἀλλα
566 3204 602 3245 τε
622 3182 914 3266 καταστρέψασθαι
937 3179 1041 3245 ἔθνεα
1062 3172 1120 3243 ούιι

120 3267 251 3338 ἐλάσσω
267 3272 398 3340 ἐκείνου
412 3277 467 3343 καὶ
481 3272 521 3362 δὴ
538 3279 592 3344 καὶ
602 3278 762 3362 Σκύθας,
783 3284 932 3360 Δαρεῖον
946 3272 983 3343 δέ
1005 3268 1048 3343 ού
1062 3276 1121 3341 δο-

119 3375 288 3453 νασθῆναι
302 3369 444 3450 Σκύθας
465 3375 558 3441 ἑλεῖν.
593 3370 655 3440 ούκ
677 3365 725 3442 τόν
740 3377 872 3441 δίκαιον
887 3367 972 3437 εἶναι
991 3368 1118 3439 ἱστάναι
