<?xml version="1.0" encoding="UTF-8"?>
<!DOCTYPE html PUBLIC "-//W3C//DTD XHTML 1.0 Transitional//EN"
    "http://www.w3.org/TR/xhtml1/DTD/xhtml1-transitional.dtd">
<html xmlns="http://www.w3.org/1999/xhtml" xml:lang="en" lang="en">
 <head>
  <title>
</title>
<meta http-equiv="Content-Type" content="text/html;charset=utf-8" />
  <meta name='ocr-system' content='tesseract 3.04.00' />
  <meta name='ocr-capabilities' content='ocr_page ocr_carea ocr_par ocr_line ocrx_word'/>
</head>
<body>
  <div class='ocr_page' id='page_1' title='image "./herodotihistori03herogoog_0233.png"; bbox 0 0 2354 3840; ppageno 0'>
   <div class='ocr_carea' id='block_1_1' title="bbox 130 205 766 266">
    <p class='ocr_par' dir='ltr' id='par_1_1' title="bbox 130 205 766 266">
     <span class='ocr_line' id='line_1_1' title="bbox 130 205 766 266; baseline -0.008 0"><span class='ocrx_word' id='word_1_1' title='bbox 130 205 191 266; x_wconf 67' lang='lat'><em>208</em></span> <span class='ocrx_word' id='word_1_2' title='bbox 515 207 766 263; x_wconf 80' lang='lat' dir='ltr'>HERODOTI</span> 
     </span>
    </p>
   </div>
   <div class='ocr_carea' id='block_1_2' title="bbox 16 361 1136 3504">
    <p class='ocr_par' dir='ltr' id='par_1_2' title="bbox 124 361 1136 1827">
     <span class='ocr_line' id='line_1_2' title="bbox 124 361 1136 451; baseline 0.003 -20"><span class='ocrx_word' id='word_1_3' title='bbox 124 361 357 450; x_wconf 79' lang='grc' dir='ltr'><strong><em>Ἐλεφαντίνης</em></strong></span> <span class='ocrx_word' id='word_1_4' title='bbox 379 365 511 449; x_wconf 90' lang='grc' dir='ltr'><em>πόλιος,</em></span> <span class='ocrx_word' id='word_1_5' title='bbox 540 365 596 431; x_wconf 85' lang='grc' dir='ltr'><em>καὶ</em></span> <span class='ocrx_word' id='word_1_6' title='bbox 616 369 713 430; x_wconf 83' lang='grc' dir='ltr'><em>τοῦτο</em></span> <span class='ocrx_word' id='word_1_7' title='bbox 740 364 892 449; x_wconf 78' lang='grc' dir='ltr'><strong><em>ἐκόμιζον</em></strong></span> <span class='ocrx_word' id='word_1_8' title='bbox 911 365 974 451; x_wconf 72' lang='grc' dir='ltr'><em>μὲν</em></span> <span class='ocrx_word' id='word_1_9' title='bbox 988 363 1042 433; x_wconf 76' lang='grc' dir='ltr'><em>ἐπ’</em></span> <span class='ocrx_word' id='word_1_10' title='bbox 1059 371 1136 434; x_wconf 81' lang='grc' dir='ltr'><em>έτεα</em></span> 
     </span>
     <span class='ocr_line' id='line_1_3' title="bbox 128 459 1136 548; baseline 0.003 -21"><span class='ocrx_word' id='word_1_11' title='bbox 128 468 217 547; x_wconf 90' lang='grc' dir='ltr'><em>τρία,</em></span> <span class='ocrx_word' id='word_1_12' title='bbox 235 465 387 545; x_wconf 78' lang='grc' dir='ltr'><em>δισχίλιοι</em></span> <span class='ocrx_word' id='word_1_13' title='bbox 399 464 439 527; x_wconf 90' lang='grc' dir='ltr'><em>δέ</em></span> <span class='ocrx_word' id='word_1_14' title='bbox 450 464 483 527; x_wconf 87' lang='grc' dir='ltr'><em>οί</em></span> <span class='ocrx_word' id='word_1_15' title='bbox 496 461 755 547; x_wconf 76' lang='grc' dir='ltr'><em>προσετετάχατο</em></span> <span class='ocrx_word' id='word_1_16' title='bbox 772 459 892 543; x_wconf 85' lang='grc' dir='ltr'><em>άνδρες</em></span> <span class='ocrx_word' id='word_1_17' title='bbox 907 459 1064 548; x_wconf 74' lang='grc' dir='ltr'><em>ἀγωγέες,</em></span> <span class='ocrx_word' id='word_1_18' title='bbox 1079 467 1136 530; x_wconf 79' lang='grc' dir='ltr'><em>καὶ</em></span> 
     </span>
     <span class='ocr_line' id='line_1_4' title="bbox 131 553 1136 647; baseline -0.001 -19"><span class='ocrx_word' id='word_1_19' title='bbox 131 555 224 628; x_wconf 83' lang='grc' dir='ltr'><em>οὗτοι</em></span> <span class='ocrx_word' id='word_1_20' title='bbox 239 561 382 637; x_wconf 80' lang='grc' dir='ltr'><em>ἅπαντες</em></span> <span class='ocrx_word' id='word_1_21' title='bbox 396 553 484 646; x_wconf 78' lang='grc' dir='ltr'><em>ἦσαν</em></span> <span class='ocrx_word' id='word_1_22' title='bbox 508 567 718 647; x_wconf 82' lang='grc' dir='ltr'><em>κυβερνῆται.</em></span> <span class='ocrx_word' id='word_1_23' title='bbox 747 568 805 647; x_wconf 84' lang='grc' dir='ltr'><em>τῆς</em></span> <span class='ocrx_word' id='word_1_24' title='bbox 827 561 863 628; x_wconf 78' lang='grc' dir='ltr'><em>δέ</em></span> <span class='ocrx_word' id='word_1_25' title='bbox 879 563 995 646; x_wconf 84' lang='grc' dir='ltr'><em>στέγης</em></span> <span class='ocrx_word' id='word_1_26' title='bbox 1010 561 1136 646; x_wconf 82' lang='grc' dir='ltr'><em>ταύτης</em></span> 
     </span>
     <span class='ocr_line' id='line_1_5' title="bbox 130 651 1136 746; baseline -0.004 -19"><span class='ocrx_word' id='word_1_27' title='bbox 130 659 167 728; x_wconf 86' lang='grc' dir='ltr'><em>τό</em></span> <span class='ocrx_word' id='word_1_28' title='bbox 184 662 244 746; x_wconf 83' lang='grc' dir='ltr'><em>μὲν</em></span> <span class='ocrx_word' id='word_1_29' title='bbox 259 665 362 745; x_wconf 78' lang='grc' dir='ltr'><em>μῆκος</em></span> <span class='ocrx_word' id='word_1_30' title='bbox 374 661 500 737; x_wconf 77' lang='grc' dir='ltr'><em>ἔξωθέν</em></span> <span class='ocrx_word' id='word_1_31' title='bbox 512 661 579 725; x_wconf 79' lang='grc' dir='ltr'><em>ἐστι</em></span> <span class='ocrx_word' id='word_1_32' title='bbox 595 655 641 736; x_wconf 79' lang='grc' dir='ltr'><em>εἷς</em></span> <span class='ocrx_word' id='word_1_33' title='bbox 654 684 690 727; x_wconf 92' lang='grc' dir='ltr'><em>τε</em></span> <span class='ocrx_word' id='word_1_34' title='bbox 704 663 758 726; x_wconf 81' lang='grc' dir='ltr'><em>καὶ</em></span> <span class='ocrx_word' id='word_1_35' title='bbox 773 667 877 726; x_wconf 89' lang='grc' dir='ltr'><em>είκοσι</em></span> <span class='ocrx_word' id='word_1_36' title='bbox 891 657 1018 745; x_wconf 82' lang='grc' dir='ltr'><em>πήχεες,</em></span> <span class='ocrx_word' id='word_1_37' title='bbox 1035 651 1136 741; x_wconf 81' lang='grc' dir='ltr'><em>εὖρος</em></span> 
     </span>
     <span class='ocr_line' id='line_1_6' title="bbox 132 751 1135 841; baseline -0.005 -16"><span class='ocrx_word' id='word_1_38' title='bbox 132 760 168 825; x_wconf 75' lang='grc' dir='ltr'><em>δὲ</em></span> <span class='ocrx_word' id='word_1_39' title='bbox 190 760 500 841; x_wconf 77' lang='grc' dir='ltr'><em>τεσσερεσκαίδεκα,</em></span> <span class='ocrx_word' id='word_1_40' title='bbox 521 753 608 836; x_wconf 80' lang='grc' dir='ltr'><em>ὕψος</em></span> <span class='ocrx_word' id='word_1_41' title='bbox 629 756 665 831; x_wconf 75' lang='grc' dir='ltr'><em>δέ</em></span> <span class='ocrx_word' id='word_1_42' title='bbox 685 753 782 823; x_wconf 76' lang='grc' dir='ltr'><em>όκτεό.</em></span> <span class='ocrx_word' id='word_1_43' title='bbox 806 757 992 841; x_wconf 79' lang='grc' dir='ltr'><em>ταῦταμὲν</em></span> <span class='ocrx_word' id='word_1_44' title='bbox 1012 751 1053 821; x_wconf 84' lang='grc' dir='ltr'><em>τά</em></span> <span class='ocrx_word' id='word_1_45' title='bbox 1074 755 1135 839; x_wconf 87' lang='grc' dir='ltr'><em>μέ-</em></span> 
     </span>
     <span class='ocr_line' id='line_1_7' title="bbox 130 851 1134 942; baseline -0.005 -18"><span class='ocrx_word' id='word_1_46' title='bbox 130 883 192 941; x_wconf 87' lang='grc' dir='ltr'><em>τρα</em></span> <span class='ocrx_word' id='word_1_47' title='bbox 207 861 333 934; x_wconf 64' lang='grc' dir='ltr'><em>έξωθεν</em></span> <span class='ocrx_word' id='word_1_48' title='bbox 346 862 403 941; x_wconf 76' lang='grc' dir='ltr'><em>τῆς</em></span> <span class='ocrx_word' id='word_1_49' title='bbox 418 858 533 942; x_wconf 80' lang='grc' dir='ltr'><em>στέγης</em></span> <span class='ocrx_word' id='word_1_50' title='bbox 546 863 603 942; x_wconf 84' lang='grc' dir='ltr'><em>τῆς</em></span> <span class='ocrx_word' id='word_1_51' title='bbox 618 863 827 942; x_wconf 81' lang='grc' dir='ltr'><em>μουνολίθου</em></span> <span class='ocrx_word' id='word_1_52' title='bbox 843 858 925 942; x_wconf 76' lang='grc' dir='ltr'><em>ἐστὶ,</em></span> <span class='ocrx_word' id='word_1_53' title='bbox 948 851 1032 939; x_wconf 83' lang='grc' dir='ltr'><em>άτάρ</em></span> <span class='ocrx_word' id='word_1_54' title='bbox 1050 860 1134 921; x_wconf 81' lang='grc' dir='ltr'><em>ἔσω-</em></span> 
     </span>
     <span class='ocr_line' id='line_1_8' title="bbox 131 952 1134 1044; baseline -0.002 -20"><span class='ocrx_word' id='word_1_55' title='bbox 131 966 196 1024; x_wconf 88' lang='grc' dir='ltr'><em>θεν</em></span> <span class='ocrx_word' id='word_1_56' title='bbox 215 952 251 1021; x_wconf 81' lang='grc' dir='ltr'><em>τό</em></span> <span class='ocrx_word' id='word_1_57' title='bbox 272 961 376 1040; x_wconf 84' lang='grc' dir='ltr'><em>μῆκος</em></span> <span class='ocrx_word' id='word_1_58' title='bbox 396 954 619 1024; x_wconf 88' lang='grc' dir='ltr'><em>ὀκτωκαίδεκα</em></span> <span class='ocrx_word' id='word_1_59' title='bbox 640 961 771 1043; x_wconf 84' lang='grc' dir='ltr'><em>πηχέων</em></span> <span class='ocrx_word' id='word_1_60' title='bbox 788 961 842 1025; x_wconf 78' lang='grc' dir='ltr'><em>καί</em></span> <span class='ocrx_word' id='word_1_61' title='bbox 857 956 1022 1044; x_wconf 90' lang='grc' dir='ltr'><em>πυγόνος,</em></span> <span class='ocrx_word' id='word_1_62' title='bbox 1044 953 1081 1024; x_wconf 81' lang='grc' dir='ltr'><em>τό</em></span> <span class='ocrx_word' id='word_1_63' title='bbox 1097 957 1134 1022; x_wconf 76' lang='grc' dir='ltr'><em>δέ</em></span> 
     </span>
     <span class='ocr_line' id='line_1_9' title="bbox 133 1049 1131 1142; baseline -0.003 -20"><span class='ocrx_word' id='word_1_64' title='bbox 133 1049 231 1141; x_wconf 82' lang='grc' dir='ltr'><em>εὖρος</em></span> <span class='ocrx_word' id='word_1_65' title='bbox 245 1054 397 1122; x_wconf 77' lang='grc' dir='ltr'><em>δυόδεκα</em></span> <span class='ocrx_word' id='word_1_66' title='bbox 416 1059 563 1142; x_wconf 87' lang='grc' dir='ltr'><em>πηχέων,</em></span> <span class='ocrx_word' id='word_1_67' title='bbox 586 1053 622 1122; x_wconf 82' lang='grc' dir='ltr'><em>τό</em></span> <span class='ocrx_word' id='word_1_68' title='bbox 641 1055 677 1122; x_wconf 73' lang='grc' dir='ltr'><em>δὲ</em></span> <span class='ocrx_word' id='word_1_69' title='bbox 694 1054 780 1136; x_wconf 77' lang='grc' dir='ltr'><em>ὕψος</em></span> <span class='ocrx_word' id='word_1_70' title='bbox 793 1057 892 1123; x_wconf 90' lang='grc' dir='ltr'><em>πέντε</em></span> <span class='ocrx_word' id='word_1_71' title='bbox 906 1057 1038 1141; x_wconf 81' lang='grc' dir='ltr'><em>πηχέων</em></span> <span class='ocrx_word' id='word_1_72' title='bbox 1054 1057 1131 1120; x_wconf 82' lang='grc' dir='ltr'><em>ἐστί.</em></span> 
     </span>
     <span class='ocr_line' id='line_1_10' title="bbox 132 1151 1134 1240; baseline -0.003 -22"><span class='ocrx_word' id='word_1_73' title='bbox 132 1151 216 1239; x_wconf 80' lang='grc' dir='ltr'><em>αὕτη</em></span> <span class='ocrx_word' id='word_1_74' title='bbox 231 1161 291 1220; x_wconf 84' lang='grc' dir='ltr'><em>τοῦ</em></span> <span class='ocrx_word' id='word_1_75' title='bbox 306 1159 381 1240; x_wconf 75' lang='grc' dir='ltr'><em>ἱροῦ</em></span> <span class='ocrx_word' id='word_1_76' title='bbox 396 1157 503 1222; x_wconf 87' lang='grc' dir='ltr'><em>κέεται</em></span> <span class='ocrx_word' id='word_1_77' title='bbox 520 1151 609 1237; x_wconf 83' lang='grc' dir='ltr'><em>παρά</em></span> <span class='ocrx_word' id='word_1_78' title='bbox 625 1151 687 1240; x_wconf 75' lang='grc' dir='ltr'><em>τὴν</em></span> <span class='ocrx_word' id='word_1_79' title='bbox 701 1158 829 1221; x_wconf 80' lang='grc' dir='ltr'><em>ἔσοδον.</em></span> <span class='ocrx_word' id='word_1_80' title='bbox 858 1159 923 1220; x_wconf 79' lang='grc' dir='ltr'><em>ἔσω</em></span> <span class='ocrx_word' id='word_1_81' title='bbox 937 1153 1003 1237; x_wconf 91' lang='grc' dir='ltr'><em>γάρ</em></span> <span class='ocrx_word' id='word_1_82' title='bbox 1024 1176 1084 1236; x_wconf 92' lang='grc' dir='ltr'><em>μιν</em></span> <span class='ocrx_word' id='word_1_83' title='bbox 1101 1151 1134 1227; x_wconf 86' lang='grc' dir='ltr'><em>ές</em></span> 
     </span>
     <span class='ocr_line' id='line_1_11' title="bbox 131 1244 1133 1339; baseline -0.004 -23"><span class='ocrx_word' id='word_1_84' title='bbox 131 1249 261 1339; x_wconf 82' lang='grc' dir='ltr'><em>τδίρόν</em></span> <span class='ocrx_word' id='word_1_85' title='bbox 283 1273 365 1338; x_wconf 91' lang='grc' dir='ltr'><em>φασι</em></span> <span class='ocrx_word' id='word_1_86' title='bbox 389 1249 488 1320; x_wconf 78' lang='grc' dir='ltr'><em>τῶνδ’</em></span> <span class='ocrx_word' id='word_1_87' title='bbox 517 1255 646 1319; x_wconf 80' lang='grc' dir='ltr'><em>εἵνεκεν</em></span> <span class='ocrx_word' id='word_1_88' title='bbox 660 1249 723 1317; x_wconf 80' lang='grc' dir='ltr'><em>οὐκ</em></span> <span class='ocrx_word' id='word_1_89' title='bbox 743 1249 934 1337; x_wconf 80' lang='grc' dir='ltr'><em>ἐσελκύσαι,</em></span> <span class='ocrx_word' id='word_1_90' title='bbox 960 1245 1020 1314; x_wconf 81' lang='grc' dir='ltr'><em>τὸν</em></span> <span class='ocrx_word' id='word_1_91' title='bbox 1037 1244 1133 1332; x_wconf 90' lang='grc' dir='ltr'><em>άρχι-</em></span> 
     </span>
     <span class='ocr_line' id='line_1_12' title="bbox 131 1340 1132 1437; baseline -0.005 -21"><span class='ocrx_word' id='word_1_92' title='bbox 131 1352 268 1418; x_wconf 87' lang='grc' dir='ltr'><em>τέκτονα</em></span> <span class='ocrx_word' id='word_1_93' title='bbox 289 1350 390 1437; x_wconf 77' lang='grc' dir='ltr'><em>αὐτῆς</em></span> <span class='ocrx_word' id='word_1_94' title='bbox 419 1355 596 1436; x_wconf 84' lang='grc' dir='ltr'><em>ἑλκομένης</em></span> <span class='ocrx_word' id='word_1_95' title='bbox 621 1357 678 1436; x_wconf 81' lang='grc' dir='ltr'><em>τῆς</em></span> <span class='ocrx_word' id='word_1_96' title='bbox 699 1354 815 1436; x_wconf 80' lang='grc' dir='ltr'><em>στέγης</em></span> <span class='ocrx_word' id='word_1_97' title='bbox 837 1346 1055 1426; x_wconf 71' lang='grc' dir='ltr'><em>ἀναστενάξαι</em></span> <span class='ocrx_word' id='word_1_98' title='bbox 1078 1340 1132 1412; x_wconf 79' lang='grc' dir='ltr'><em>οίά</em></span> 
     </span>
     <span class='ocr_line' id='line_1_13' title="bbox 130 1447 1130 1537; baseline -0.003 -21"><span class='ocrx_word' id='word_1_99' title='bbox 130 1477 167 1517; x_wconf 87' lang='grc' dir='ltr'><em>τε</em></span> <span class='ocrx_word' id='word_1_100' title='bbox 183 1451 308 1536; x_wconf 87' lang='grc' dir='ltr'><em>χρόνου</em></span> <span class='ocrx_word' id='word_1_101' title='bbox 323 1451 537 1537; x_wconf 76' lang='grc' dir='ltr'><em>ἐγγεγονότος</em></span> <span class='ocrx_word' id='word_1_102' title='bbox 552 1456 678 1518; x_wconf 86' lang='grc' dir='ltr'><em>πολλοῦ</em></span> <span class='ocrx_word' id='word_1_103' title='bbox 693 1452 748 1518; x_wconf 80' lang='grc' dir='ltr'><em>καὶ</em></span> <span class='ocrx_word' id='word_1_104' title='bbox 763 1447 954 1536; x_wconf 81' lang='grc' dir='ltr'><em>ἀχθόμενον</em></span> <span class='ocrx_word' id='word_1_105' title='bbox 969 1452 1016 1537; x_wconf 78' lang='grc' dir='ltr'><em>τῷ</em></span> <span class='ocrx_word' id='word_1_106' title='bbox 1033 1452 1130 1536; x_wconf 81' lang='grc' dir='ltr'><em>ἔργῳ,</em></span> 
     </span>
     <span class='ocr_line' id='line_1_14' title="bbox 132 1539 1132 1632; baseline -0.003 -19"><span class='ocrx_word' id='word_1_107' title='bbox 132 1544 192 1613; x_wconf 89' lang='grc' dir='ltr'><em>τὸν</em></span> <span class='ocrx_word' id='word_1_108' title='bbox 220 1543 257 1612; x_wconf 75' lang='grc' dir='ltr'><em>δέ</em></span> <span class='ocrx_word' id='word_1_109' title='bbox 283 1545 426 1632; x_wconf 80' lang='grc' dir='ltr'><em>’Ἀμασιν</em></span> <span class='ocrx_word' id='word_1_110' title='bbox 449 1546 619 1632; x_wconf 82' lang='grc' dir='ltr'><em>ἐνθύμιον</em></span> <span class='ocrx_word' id='word_1_111' title='bbox 639 1544 862 1631; x_wconf 77' lang='grc' dir='ltr'><em>ποιησάμενον</em></span> <span class='ocrx_word' id='word_1_112' title='bbox 897 1539 961 1610; x_wconf 80' lang='grc' dir='ltr'><em>οὐκ</em></span> <span class='ocrx_word' id='word_1_113' title='bbox 999 1546 1059 1612; x_wconf 85' lang='grc' dir='ltr'><em>έᾶν</em></span> <span class='ocrx_word' id='word_1_114' title='bbox 1084 1549 1132 1611; x_wconf 81' lang='grc' dir='ltr'><em>ἔτι</em></span> 
     </span>
     <span class='ocr_line' id='line_1_15' title="bbox 132 1639 1131 1730; baseline -0.002 -21"><span class='ocrx_word' id='word_1_115' title='bbox 132 1645 331 1729; x_wconf 79' lang='grc' dir='ltr'><em>προσωτέρω</em></span> <span class='ocrx_word' id='word_1_116' title='bbox 347 1644 490 1711; x_wconf 82' lang='grc' dir='ltr'><em>ἑλκόσαι.</em></span> <span class='ocrx_word' id='word_1_117' title='bbox 518 1639 581 1730; x_wconf 80' lang='grc' dir='ltr'><em>ἤδη</em></span> <span class='ocrx_word' id='word_1_118' title='bbox 600 1645 639 1710; x_wconf 87' lang='grc' dir='ltr'><em>δέ</em></span> <span class='ocrx_word' id='word_1_119' title='bbox 657 1667 745 1720; x_wconf 87' lang='grc' dir='ltr'><em>τινες</em></span> <span class='ocrx_word' id='word_1_120' title='bbox 759 1646 910 1727; x_wconf 87' lang='grc' dir='ltr'><em>λέγουσι,</em></span> <span class='ocrx_word' id='word_1_121' title='bbox 934 1639 978 1720; x_wconf 78' lang='grc' dir='ltr'><em>ὡς</em></span> <span class='ocrx_word' id='word_1_122' title='bbox 992 1639 1131 1727; x_wconf 79' lang='grc' dir='ltr'><em>άνθρω-</em></span> 
     </span>
     <span class='ocr_line' id='line_1_16' title="bbox 132 1735 1129 1827; baseline -0.003 -21"><span class='ocrx_word' id='word_1_123' title='bbox 132 1766 192 1818; x_wconf 90' lang='grc' dir='ltr'><em>πος</em></span> <span class='ocrx_word' id='word_1_124' title='bbox 213 1739 382 1827; x_wconf 83' lang='grc' dir='ltr'><em>διεφθάρη</em></span> <span class='ocrx_word' id='word_1_125' title='bbox 400 1737 458 1808; x_wconf 83' lang='grc' dir='ltr'><em>ὑπ’</em></span> <span class='ocrx_word' id='word_1_126' title='bbox 483 1737 583 1827; x_wconf 79' lang='grc' dir='ltr'><em>αὐτῆς</em></span> <span class='ocrx_word' id='word_1_127' title='bbox 603 1746 670 1807; x_wconf 81' lang='grc' dir='ltr'><em>τῶν</em></span> <span class='ocrx_word' id='word_1_128' title='bbox 689 1765 738 1818; x_wconf 87' lang='grc' dir='ltr'><em>τις</em></span> <span class='ocrx_word' id='word_1_129' title='bbox 755 1735 861 1826; x_wconf 75' lang='grc' dir='ltr'><em>αὐτὴν</em></span> <span class='ocrx_word' id='word_1_130' title='bbox 885 1737 1129 1825; x_wconf 81' lang='grc' dir='ltr'><em>μοχλευόντων,</em></span> 
     </span>
    </p>

    <p class='ocr_par' dir='ltr' id='par_1_3' title="bbox 73 1835 1132 2219">
     <span class='ocr_line' id='line_1_17' title="bbox 73 1835 1132 1925; baseline -0.006 -19"><span class='ocrx_word' id='word_1_131' title='bbox 73 1864 120 1923; x_wconf 72' lang='lat'><em>176</em></span> <span class='ocrx_word' id='word_1_132' title='bbox 132 1839 186 1906; x_wconf 81' lang='grc' dir='ltr'><em>καὶ</em></span> <span class='ocrx_word' id='word_1_133' title='bbox 201 1836 265 1907; x_wconf 86' lang='grc' dir='ltr'><em>άπό</em></span> <span class='ocrx_word' id='word_1_134' title='bbox 280 1839 403 1907; x_wconf 77' lang='grc' dir='ltr'><em>τούτου</em></span> <span class='ocrx_word' id='word_1_135' title='bbox 419 1836 481 1907; x_wconf 85' lang='grc' dir='ltr'><em>οόκ</em></span> <span class='ocrx_word' id='word_1_136' title='bbox 496 1842 748 1925; x_wconf 74' lang='grc' dir='ltr'><em>ἐσελκυσθῆναι.</em></span> <span class='ocrx_word' id='word_1_137' title='bbox 790 1835 949 1923; x_wconf 82' lang='grc' dir='ltr'><em>Ἀνέθηκε</em></span> <span class='ocrx_word' id='word_1_138' title='bbox 965 1836 1001 1904; x_wconf 71' lang='grc' dir='ltr'><em>δὲ</em></span> <span class='ocrx_word' id='word_1_139' title='bbox 1023 1837 1078 1903; x_wconf 83' lang='grc' dir='ltr'><em>καὶ</em></span> <span class='ocrx_word' id='word_1_140' title='bbox 1095 1836 1132 1901; x_wconf 87' lang='grc' dir='ltr'><em>έν</em></span> 
     </span>
     <span class='ocr_line' id='line_1_18' title="bbox 130 1934 1131 2023; baseline -0.003 -23"><span class='ocrx_word' id='word_1_141' title='bbox 130 1948 215 2003; x_wconf 83' lang='grc' dir='ltr'><em>τοίσι</em></span> <span class='ocrx_word' id='word_1_142' title='bbox 226 1934 356 2004; x_wconf 84' lang='grc' dir='ltr'><em>άλλοισι</em></span> <span class='ocrx_word' id='word_1_143' title='bbox 367 1941 467 2023; x_wconf 81' lang='grc' dir='ltr'><em>ίροίσι</em></span> <span class='ocrx_word' id='word_1_144' title='bbox 478 1935 640 2022; x_wconf 78' lang='grc' dir='ltr'><em>δ”Αμασις</em></span> <span class='ocrx_word' id='word_1_145' title='bbox 650 1941 731 2002; x_wconf 83' lang='grc' dir='ltr'><em>πᾶσι</em></span> <span class='ocrx_word' id='word_1_146' title='bbox 741 1948 826 2002; x_wconf 81' lang='grc' dir='ltr'><em>τοῖσι</em></span> <span class='ocrx_word' id='word_1_147' title='bbox 837 1936 1037 2020; x_wconf 76' lang='grc' dir='ltr'><em>ἐλλογίμοισι</em></span> <span class='ocrx_word' id='word_1_148' title='bbox 1051 1939 1131 2018; x_wconf 80' lang='grc' dir='ltr'><em>ἔργα</em></span> 
     </span>
     <span class='ocr_line' id='line_1_19' title="bbox 130 2029 1131 2120; baseline -0.003 -22"><span class='ocrx_word' id='word_1_149' title='bbox 130 2030 167 2098; x_wconf 86' lang='grc' dir='ltr'><em>τὸ</em></span> <span class='ocrx_word' id='word_1_150' title='bbox 185 2034 333 2118; x_wconf 91' lang='grc' dir='ltr'><em>μέγαθος</em></span> <span class='ocrx_word' id='word_1_151' title='bbox 347 2031 547 2120; x_wconf 83' lang='grc' dir='ltr'><em>άξιοθήητα,</em></span> <span class='ocrx_word' id='word_1_152' title='bbox 570 2036 607 2099; x_wconf 87' lang='grc' dir='ltr'><em>έν</em></span> <span class='ocrx_word' id='word_1_153' title='bbox 621 2032 657 2099; x_wconf 79' lang='grc' dir='ltr'><em>δέ</em></span> <span class='ocrx_word' id='word_1_154' title='bbox 673 2034 727 2099; x_wconf 81' lang='grc' dir='ltr'><em>καί</em></span> <span class='ocrx_word' id='word_1_155' title='bbox 743 2035 780 2099; x_wconf 82' lang='grc' dir='ltr'><em>ἐν</em></span> <span class='ocrx_word' id='word_1_156' title='bbox 794 2034 914 2117; x_wconf 82' lang='grc' dir='ltr'><em>Μέμφι</em></span> <span class='ocrx_word' id='word_1_157' title='bbox 933 2029 993 2099; x_wconf 83' lang='grc' dir='ltr'><em>τόν</em></span> <span class='ocrx_word' id='word_1_158' title='bbox 1009 2029 1131 2098; x_wconf 76' lang='grc' dir='ltr'><em>ὕπτιον</em></span> 
     </span>
     <span class='ocr_line' id='line_1_20' title="bbox 130 2130 1130 2219; baseline -0.001 -20"><span class='ocrx_word' id='word_1_159' title='bbox 130 2137 285 2217; x_wconf 89' lang='grc' dir='ltr'><em>κείμενον</em></span> <span class='ocrx_word' id='word_1_160' title='bbox 299 2130 463 2200; x_wconf 84' lang='grc' dir='ltr'><em>κολοσσὸν</em></span> <span class='ocrx_word' id='word_1_161' title='bbox 476 2140 538 2198; x_wconf 86' lang='grc' dir='ltr'><em>τοῦ</em></span> <span class='ocrx_word' id='word_1_162' title='bbox 552 2131 766 2218; x_wconf 85' lang='grc' dir='ltr'><em>Ἡφαιστείου</em></span> <span class='ocrx_word' id='word_1_163' title='bbox 784 2137 969 2219; x_wconf 81' lang='grc' dir='ltr'><em>ἔμπροσθε,</em></span> <span class='ocrx_word' id='word_1_164' title='bbox 992 2138 1053 2200; x_wconf 84' lang='grc' dir='ltr'><em>τοῦ</em></span> <span class='ocrx_word' id='word_1_165' title='bbox 1067 2131 1130 2198; x_wconf 91' lang='grc' dir='ltr'><em>πό-</em></span> 
     </span>
    </p>

    <p class='ocr_par' dir='ltr' id='par_1_4' title="bbox 16 2228 1129 2906">
     <span class='ocr_line' id='line_1_21' title="bbox 16 2228 1128 2324; baseline -0.002 -24"><span class='ocrx_word' id='word_1_166' title='bbox 16 2298 18 2300; x_wconf 78' lang='grc'><em>,</em></span> <span class='ocrx_word' id='word_1_167' title='bbox 131 2235 186 2307; x_wconf 86' lang='grc' dir='ltr'><em>δες</em></span> <span class='ocrx_word' id='word_1_168' title='bbox 196 2232 294 2297; x_wconf 86' lang='grc' dir='ltr'><em>πέντε</em></span> <span class='ocrx_word' id='word_1_169' title='bbox 304 2231 359 2298; x_wconf 77' lang='grc' dir='ltr'><em>καὶ</em></span> <span class='ocrx_word' id='word_1_170' title='bbox 373 2230 600 2319; x_wconf 80' lang='grc' dir='ltr'><em>ἑβδομήκοντά</em></span> <span class='ocrx_word' id='word_1_171' title='bbox 612 2239 675 2300; x_wconf 90' lang='grc' dir='ltr'><em>είσι</em></span> <span class='ocrx_word' id='word_1_172' title='bbox 686 2228 723 2299; x_wconf 85' lang='grc' dir='ltr'><em>τὸ</em></span> <span class='ocrx_word' id='word_1_173' title='bbox 738 2238 848 2318; x_wconf 78' lang='grc' dir='ltr'><em>μῆκος.</em></span> <span class='ocrx_word' id='word_1_174' title='bbox 872 2233 924 2298; x_wconf 81' lang='grc' dir='ltr'><em>έπί</em></span> <span class='ocrx_word' id='word_1_175' title='bbox 935 2231 972 2299; x_wconf 73' lang='grc' dir='ltr'><em>δὲ</em></span> <span class='ocrx_word' id='word_1_176' title='bbox 982 2237 1028 2324; x_wconf 71' lang='grc' dir='ltr'><em>τῷ</em></span> <span class='ocrx_word' id='word_1_177' title='bbox 1040 2229 1128 2321; x_wconf 74' lang='grc' dir='ltr'><em>αὐτῷ</em></span> 
     </span>
     <span class='ocr_line' id='line_1_22' title="bbox 128 2327 1128 2418; baseline -0.001 -22"><span class='ocrx_word' id='word_1_178' title='bbox 128 2327 249 2418; x_wconf 77' lang='grc' dir='ltr'><em>βάθρῳ</em></span> <span class='ocrx_word' id='word_1_179' title='bbox 269 2331 380 2396; x_wconf 77' lang='grc' dir='ltr'><em>ἑστᾶσι</em></span> <span class='ocrx_word' id='word_1_180' title='bbox 400 2335 606 2397; x_wconf 82' lang='grc' dir='ltr'><em>Αίθιοπικοῦ</em></span> <span class='ocrx_word' id='word_1_181' title='bbox 628 2331 737 2408; x_wconf 77' lang='grc' dir='ltr'><em>ἐόντες</em></span> <span class='ocrx_word' id='word_1_182' title='bbox 756 2335 857 2397; x_wconf 90' lang='grc' dir='ltr'><em>λίθου</em></span> <span class='ocrx_word' id='word_1_183' title='bbox 878 2329 941 2395; x_wconf 89' lang='grc' dir='ltr'><em>δόο</em></span> <span class='ocrx_word' id='word_1_184' title='bbox 963 2329 1128 2414; x_wconf 78' lang='grc' dir='ltr'><em>κολοσσοὶ,</em></span> 
     </span>
     <span class='ocr_line' id='line_1_23' title="bbox 128 2423 1127 2513; baseline 0 -21"><span class='ocrx_word' id='word_1_185' title='bbox 128 2435 233 2494; x_wconf 80' lang='grc' dir='ltr'><em>εἴκοσι</em></span> <span class='ocrx_word' id='word_1_186' title='bbox 253 2430 367 2493; x_wconf 81' lang='grc' dir='ltr'><em>ποδῶν</em></span> <span class='ocrx_word' id='word_1_187' title='bbox 387 2427 424 2495; x_wconf 85' lang='grc' dir='ltr'><em>τὸ</em></span> <span class='ocrx_word' id='word_1_188' title='bbox 448 2429 596 2513; x_wconf 85' lang='grc' dir='ltr'><em>μέγαθος</em></span> <span class='ocrx_word' id='word_1_189' title='bbox 617 2425 683 2494; x_wconf 83' lang='grc' dir='ltr'><em>έοδν</em></span> <span class='ocrx_word' id='word_1_190' title='bbox 704 2427 873 2512; x_wconf 80' lang='grc' dir='ltr'><em>ἑκάτερος,</em></span> <span class='ocrx_word' id='word_1_191' title='bbox 895 2423 994 2511; x_wconf 73' lang='grc' dir='ltr'><em>ὁμὲν</em></span> <span class='ocrx_word' id='word_1_192' title='bbox 1014 2431 1127 2512; x_wconf 80' lang='grc' dir='ltr'><em>ἔνθεν,</em></span> 
     </span>
     <span class='ocr_line' id='line_1_24' title="bbox 127 2521 1129 2612; baseline 0 -20"><span class='ocrx_word' id='word_1_193' title='bbox 127 2522 144 2592; x_wconf 86' lang='grc' dir='ltr'>ὁ</span> <span class='ocrx_word' id='word_1_194' title='bbox 161 2521 192 2591; x_wconf 91' lang='grc' dir='ltr'><em>δ’</em></span> <span class='ocrx_word' id='word_1_195' title='bbox 210 2530 313 2591; x_wconf 82' lang='grc' dir='ltr'><em>ἔνθεν</em></span> <span class='ocrx_word' id='word_1_196' title='bbox 329 2531 390 2592; x_wconf 79' lang='grc' dir='ltr'><em>τοῦ</em></span> <span class='ocrx_word' id='word_1_197' title='bbox 405 2525 563 2612; x_wconf 91' lang='grc' dir='ltr'><em>μεγάρου.</em></span> <span class='ocrx_word' id='word_1_198' title='bbox 594 2531 661 2592; x_wconf 78' lang='grc' dir='ltr'><em>ἔστι</em></span> <span class='ocrx_word' id='word_1_199' title='bbox 678 2526 713 2592; x_wconf 77' lang='grc' dir='ltr'><em>δὲ</em></span> <span class='ocrx_word' id='word_1_200' title='bbox 729 2531 859 2602; x_wconf 86' lang='grc' dir='ltr'><em>λίθινος</em></span> <span class='ocrx_word' id='word_1_201' title='bbox 881 2525 992 2608; x_wconf 71' lang='grc' dir='ltr'><em>ἕτερος</em></span> <span class='ocrx_word' id='word_1_202' title='bbox 1007 2531 1129 2592; x_wconf 85' lang='grc' dir='ltr'><em>τοσοῦ-</em></span> 
     </span>
     <span class='ocr_line' id='line_1_25' title="bbox 125 2618 1129 2712; baseline 0.001 -24"><span class='ocrx_word' id='word_1_203' title='bbox 125 2645 181 2698; x_wconf 89' lang='grc' dir='ltr'><em>τος</em></span> <span class='ocrx_word' id='word_1_204' title='bbox 196 2621 250 2686; x_wconf 79' lang='grc' dir='ltr'><em>καὶ</em></span> <span class='ocrx_word' id='word_1_205' title='bbox 265 2623 301 2687; x_wconf 88' lang='grc' dir='ltr'><em>έν</em></span> <span class='ocrx_word' id='word_1_206' title='bbox 315 2620 399 2708; x_wconf 79' lang='grc' dir='ltr'><em>Σάι,</em></span> <span class='ocrx_word' id='word_1_207' title='bbox 422 2627 573 2707; x_wconf 89' lang='grc' dir='ltr'><em>κείμενος</em></span> <span class='ocrx_word' id='word_1_208' title='bbox 589 2619 673 2690; x_wconf 86' lang='grc' dir='ltr'><em>κατά</em></span> <span class='ocrx_word' id='word_1_209' title='bbox 687 2619 747 2689; x_wconf 82' lang='grc' dir='ltr'><em>τόν</em></span> <span class='ocrx_word' id='word_1_210' title='bbox 764 2618 869 2688; x_wconf 75' lang='grc' dir='ltr'><em>αὐτόν</em></span> <span class='ocrx_word' id='word_1_211' title='bbox 888 2621 1016 2705; x_wconf 87' lang='grc' dir='ltr'><em>τρόπον</em></span> <span class='ocrx_word' id='word_1_212' title='bbox 1029 2628 1076 2712; x_wconf 76' lang='grc' dir='ltr'><em>τῷ</em></span> <span class='ocrx_word' id='word_1_213' title='bbox 1094 2624 1129 2689; x_wconf 83' lang='grc' dir='ltr'><em>έν</em></span> 
     </span>
     <span class='ocr_line' id='line_1_26' title="bbox 126 2718 1129 2811; baseline 0 -23"><span class='ocrx_word' id='word_1_214' title='bbox 126 2722 256 2805; x_wconf 86' lang='grc' dir='ltr'><em>Μέμφι.</em></span> <span class='ocrx_word' id='word_1_215' title='bbox 275 2718 381 2806; x_wconf 75' lang='grc' dir='ltr'><em>τῇἼσι</em></span> <span class='ocrx_word' id='word_1_216' title='bbox 396 2746 431 2786; x_wconf 87' lang='grc' dir='ltr'><em>τε</em></span> <span class='ocrx_word' id='word_1_217' title='bbox 445 2719 483 2788; x_wconf 86' lang='grc' dir='ltr'><em>τό</em></span> <span class='ocrx_word' id='word_1_218' title='bbox 500 2726 537 2789; x_wconf 80' lang='grc' dir='ltr'><em>ἐν</em></span> <span class='ocrx_word' id='word_1_219' title='bbox 551 2725 671 2811; x_wconf 89' lang='grc' dir='ltr'><em>Μέμφι</em></span> <span class='ocrx_word' id='word_1_220' title='bbox 685 2719 761 2808; x_wconf 88' lang='grc' dir='ltr'><em>ίρόν</em></span> <span class='ocrx_word' id='word_1_221' title='bbox 774 2720 910 2807; x_wconf 78' lang='grc' dir='ltr'><em>’Ἁμασίς</em></span> <span class='ocrx_word' id='word_1_222' title='bbox 925 2723 992 2787; x_wconf 89' lang='grc' dir='ltr'><em>έστι</em></span> <span class='ocrx_word' id='word_1_223' title='bbox 1008 2719 1026 2788; x_wconf 89' lang='grc' dir='ltr'>ὁ</span> <span class='ocrx_word' id='word_1_224' title='bbox 1044 2724 1129 2802; x_wconf 79' lang='grc' dir='ltr'><em>ἐξοι-</em></span> 
     </span>
     <span class='ocr_line' id='line_1_27' title="bbox 126 2815 938 2906; baseline 0 -20"><span class='ocrx_word' id='word_1_225' title='bbox 126 2815 329 2904; x_wconf 80' lang='grc' dir='ltr'><em>κοδομήσας,</em></span> <span class='ocrx_word' id='word_1_226' title='bbox 339 2828 340 2832; x_wconf 77' lang='grc'>’</span> <span class='ocrx_word' id='word_1_227' title='bbox 351 2815 408 2884; x_wconf 88' lang='grc' dir='ltr'><em>έόν</em></span> <span class='ocrx_word' id='word_1_228' title='bbox 425 2820 510 2905; x_wconf 90' lang='grc' dir='ltr'><em>μέγα</em></span> <span class='ocrx_word' id='word_1_229' title='bbox 523 2845 558 2887; x_wconf 86' lang='grc' dir='ltr'><em>τε</em></span> <span class='ocrx_word' id='word_1_230' title='bbox 574 2824 629 2888; x_wconf 79' lang='grc' dir='ltr'><em>καί</em></span> <span class='ocrx_word' id='word_1_231' title='bbox 646 2818 938 2906; x_wconf 82' lang='grc' dir='ltr'><em>άξιοθηητότατον.</em></span> 
     </span>
    </p>

    <p class='ocr_par' dir='ltr' id='par_1_5' title="bbox 66 2913 1129 3504">
     <span class='ocr_line' id='line_1_28' title="bbox 66 2913 1129 3004; baseline 0 -20"><span class='ocrx_word' id='word_1_232' title='bbox 66 2946 115 3002; x_wconf 79' lang='lat'><em>177</em></span> <span class='ocrx_word' id='word_1_233' title='bbox 206 2913 269 2984; x_wconf 82' lang='grc' dir='ltr'><em>Ἐπ’</em></span> <span class='ocrx_word' id='word_1_234' title='bbox 285 2913 438 3001; x_wconf 87' lang='grc' dir='ltr'><em>Ἀμάσιος</em></span> <span class='ocrx_word' id='word_1_235' title='bbox 450 2918 486 2984; x_wconf 77' lang='grc' dir='ltr'><em>δὲ</em></span> <span class='ocrx_word' id='word_1_236' title='bbox 500 2918 653 3004; x_wconf 84' lang='grc' dir='ltr'><em>βασιλέος</em></span> <span class='ocrx_word' id='word_1_237' title='bbox 666 2920 793 3004; x_wconf 90' lang='grc' dir='ltr'><em>λέγεται</em></span> <span class='ocrx_word' id='word_1_238' title='bbox 804 2927 975 3003; x_wconf 76' lang='grc' dir='ltr'><em>Αἴγυπτος</em></span> <span class='ocrx_word' id='word_1_239' title='bbox 988 2915 1129 3002; x_wconf 89' lang='grc' dir='ltr'><em>μάλιστα</em></span> 
     </span>
     <span class='ocr_line' id='line_1_29' title="bbox 127 3013 1129 3103; baseline 0.001 -22"><span class='ocrx_word' id='word_1_240' title='bbox 127 3013 166 3100; x_wconf 80' lang='grc' dir='ltr'><em>δὴ</em></span> <span class='ocrx_word' id='word_1_241' title='bbox 185 3015 259 3082; x_wconf 87' lang='grc' dir='ltr'><em>τότε</em></span> <span class='ocrx_word' id='word_1_242' title='bbox 275 3013 514 3102; x_wconf 79' lang='grc' dir='ltr'><em>εὐδαιμονῆσαι</em></span> <span class='ocrx_word' id='word_1_243' title='bbox 528 3019 583 3083; x_wconf 82' lang='grc' dir='ltr'><em>καί</em></span> <span class='ocrx_word' id='word_1_244' title='bbox 599 3014 639 3083; x_wconf 84' lang='grc' dir='ltr'><em>τά</em></span> <span class='ocrx_word' id='word_1_245' title='bbox 662 3014 726 3083; x_wconf 86' lang='grc' dir='ltr'><em>άπὸ</em></span> <span class='ocrx_word' id='word_1_246' title='bbox 744 3022 805 3082; x_wconf 84' lang='grc' dir='ltr'><em>τοῦ</em></span> <span class='ocrx_word' id='word_1_247' title='bbox 819 3019 971 3100; x_wconf 79' lang='grc' dir='ltr'><em>ποταμοῦ</em></span> <span class='ocrx_word' id='word_1_248' title='bbox 984 3019 1025 3103; x_wconf 79' lang='grc' dir='ltr'><em>τῇ</em></span> <span class='ocrx_word' id='word_1_249' title='bbox 1038 3015 1129 3102; x_wconf 78' lang='grc' dir='ltr'><em>χάρη</em></span> 
     </span>
     <span class='ocr_line' id='line_1_30' title="bbox 125 3111 1127 3201; baseline -0.001 -24"><span class='ocrx_word' id='word_1_250' title='bbox 125 3111 287 3199; x_wconf 88' lang='grc' dir='ltr'><em>γινόμενα</em></span> <span class='ocrx_word' id='word_1_251' title='bbox 308 3117 363 3181; x_wconf 84' lang='grc' dir='ltr'><em>καὶ</em></span> <span class='ocrx_word' id='word_1_252' title='bbox 376 3113 417 3182; x_wconf 85' lang='grc' dir='ltr'><em>τά</em></span> <span class='ocrx_word' id='word_1_253' title='bbox 434 3112 500 3181; x_wconf 88' lang='grc' dir='ltr'><em>άπό</em></span> <span class='ocrx_word' id='word_1_254' title='bbox 517 3122 574 3201; x_wconf 77' lang='grc' dir='ltr'><em>τῆς</em></span> <span class='ocrx_word' id='word_1_255' title='bbox 588 3115 698 3200; x_wconf 76' lang='grc' dir='ltr'><em>χώρης</em></span> <span class='ocrx_word' id='word_1_256' title='bbox 711 3128 796 3181; x_wconf 77' lang='grc' dir='ltr'><em>τοῖσι</em></span> <span class='ocrx_word' id='word_1_257' title='bbox 817 3111 1046 3199; x_wconf 82' lang='grc' dir='ltr'><em>άνθριόποισι,</em></span> <span class='ocrx_word' id='word_1_258' title='bbox 1073 3113 1127 3179; x_wconf 82' lang='grc' dir='ltr'><em>καὶ</em></span> 
     </span>
     <span class='ocr_line' id='line_1_31' title="bbox 126 3206 1128 3301; baseline 0 -25"><span class='ocrx_word' id='word_1_259' title='bbox 126 3210 221 3288; x_wconf 88' lang='grc' dir='ltr'><em>πόλις</em></span> <span class='ocrx_word' id='word_1_260' title='bbox 236 3214 273 3278; x_wconf 88' lang='grc' dir='ltr'><em>έν</em></span> <span class='ocrx_word' id='word_1_261' title='bbox 288 3210 371 3301; x_wconf 78' lang='grc' dir='ltr'><em>αὐτῇ</em></span> <span class='ocrx_word' id='word_1_262' title='bbox 385 3217 543 3299; x_wconf 83' lang='grc' dir='ltr'><em>γενέσθαι</em></span> <span class='ocrx_word' id='word_1_263' title='bbox 564 3213 621 3291; x_wconf 82' lang='grc' dir='ltr'><em>τάς</em></span> <span class='ocrx_word' id='word_1_264' title='bbox 636 3211 766 3291; x_wconf 82' lang='grc' dir='ltr'><em>ἁπάσας</em></span> <span class='ocrx_word' id='word_1_265' title='bbox 782 3211 856 3280; x_wconf 87' lang='grc' dir='ltr'><em>τότε</em></span> <span class='ocrx_word' id='word_1_266' title='bbox 877 3216 1053 3296; x_wconf 89' lang='grc' dir='ltr'><em>δισμυρίας</em></span> <span class='ocrx_word' id='word_1_267' title='bbox 1069 3206 1128 3288; x_wconf 80' lang='grc' dir='ltr'><em>τὰς</em></span> 
     </span>
     <span class='ocr_line' id='line_1_32' title="bbox 126 3305 1125 3400; baseline -0.001 -24"><span class='ocrx_word' id='word_1_268' title='bbox 126 3315 325 3396; x_wconf 79' lang='grc' dir='ltr'><em>οἰκεομένας.</em></span> <span class='ocrx_word' id='word_1_269' title='bbox 356 3312 463 3399; x_wconf 92' lang='grc' dir='ltr'><em>νόμον</em></span> <span class='ocrx_word' id='word_1_270' title='bbox 483 3314 519 3380; x_wconf 75' lang='grc' dir='ltr'><em>δέ</em></span> <span class='ocrx_word' id='word_1_271' title='bbox 533 3320 746 3400; x_wconf 83' lang='grc' dir='ltr'><em>Αἰγυπτίοισι</em></span> <span class='ocrx_word' id='word_1_272' title='bbox 760 3313 859 3380; x_wconf 90' lang='grc' dir='ltr'><em>τόνδε</em></span> <span class='ocrx_word' id='word_1_273' title='bbox 869 3309 1008 3396; x_wconf 79' lang='grc' dir='ltr'><em>’Ἁμασίς</em></span> <span class='ocrx_word' id='word_1_274' title='bbox 1021 3311 1090 3377; x_wconf 87' lang='grc' dir='ltr'><em>έστι</em></span> <span class='ocrx_word' id='word_1_275' title='bbox 1107 3305 1125 3375; x_wconf 82' lang='grc' dir='ltr'>ὁ</span> 
     </span>
     <span class='ocr_line' id='line_1_33' title="bbox 124 3409 1126 3504; baseline -0.002 -27"><span class='ocrx_word' id='word_1_276' title='bbox 124 3411 345 3504; x_wconf 76' lang='grc' dir='ltr'><em>καταστήσας,</em></span> <span class='ocrx_word' id='word_1_277' title='bbox 368 3409 608 3480; x_wconf 87' lang='grc' dir='ltr'><em>άποδεικνόναι</em></span> <span class='ocrx_word' id='word_1_278' title='bbox 630 3419 718 3491; x_wconf 80' lang='grc' dir='ltr'><em>ἔτεος</em></span> <span class='ocrx_word' id='word_1_279' title='bbox 743 3410 885 3479; x_wconf 78' lang='grc' dir='ltr'><em>ἑκάστου</em></span> <span class='ocrx_word' id='word_1_280' title='bbox 906 3413 952 3499; x_wconf 74' lang='grc' dir='ltr'><em>τῷ</em></span> <span class='ocrx_word' id='word_1_281' title='bbox 976 3409 1126 3495; x_wconf 80' lang='grc' dir='ltr'><em>νομάρχῃ</em></span> 
     </span>
    </p>
   </div>
   <div class='ocr_carea' id='block_1_3' title="bbox 0 0 1182 3840">
    <p class='ocr_par' dir='ltr' id='par_1_6' title="bbox 0 0 1182 3840">
     <span class='ocr_line' id='line_1_34' title="bbox 0 0 1182 3840; baseline 0 1"><span class='ocrx_word' id='word_1_282' title='bbox 0 0 1182 3840; x_wconf 95' lang='lat' dir='ltr'><em> </em></span> 
     </span>
    </p>
   </div>
  </div>
 </body>
</html>
