2354 3840
136 193 199 255 290
515 198 766 256 HERODOTI

136 352 262 441 συνατὴ
284 357 386 422 ἐοῦσα
409 357 495 422 ε’λείν
518 352 598 433 τοῦς
617 361 864 442 Βαβυλωνίους.
898 366 1007 428 καίτοι
1025 359 1133 429 πάντα

135 456 323 540 σοφίσματα
347 456 402 520 καί
426 454 534 531 πάσας
563 449 711 538 μηχανάς
734 453 926 538 ἐπεποιήκεε
950 457 987 534 ἐς
1009 451 1134 534 αύτούς

135 564 295 637 Δαρείος’
318 550 392 620 ἀλλ’
415 550 490 620 οὐδ’
509 548 553 630 εἲς
570 553 711 619 ἐδύνατο
726 555 813 620 ἑλεῖν
833 572 938 639 σφεας
953 552 1088 621 ἄλλοισί
1098 578 1133 620 τε

135 659 317 738 σοφίσμασι
341 652 599 738 πειρησάμενος,
628 653 683 717 καί
710 647 750 735 δη
777 654 833 769 καί
856 660 903 741 τῷ
928 659 1042 739 Κῦρος
1069 648 1135 721 εἷλέ

135 770 256 834 σφεας,
278 755 333 816 καὶ
350 750 457 839 τούτῳ
474 749 647 835 ἐπειρήθη.
676 745 761 815 άλλά
775 745 841 834 γάρ
861 742 1016 827 ῦεινῦς
991 769 1081 836 ησαν
1096 752 1132 816 ἐν

135 852 304 933 φυλακῇσι
319 850 353 912 οί
364 845 594 933 Βαβυλώνιοι,
618 842 700 911 ούῦέ
718 864 822 930 σφεας
839 839 909 923 οἶός
924 871 960 913 τε
973 838 1020 932 ἦν
1035 849 1129 913 ἑλεῖν.

71 961 118 1014 153
130 943 295 1013 Ένθαῦτα
310 970 326 1010 ε
327 950 447 1036 ίκοστῷ
462 947 542 1033 μηνὶ
552 944 705 1034 Ζωπύρῳ
720 971 766 1032 τῳ
751 945 943 1063 ’Μεγαβύζ
941 970 984 1011 ου
997 943 1128 1030 τούτου,

134 1039 253 1118 ὅςτῶν
269 1038 348 1108 ἑπτά
370 1013 505 1129 άνύρῦν
525 1045 655 1128 ἐγένετο
671 1048 740 1108 τῶν
762 1038 823 1108 τὸν
841 1042 952 1127 μάγον
971 1042 1129 1111 κατελόν-

133 1165 210 1222 των,
223 1142 344 1208 τούτου
356 1147 418 1207 τοῦ
428 1139 633 1227 Μεγαβύζου
654 1143 746 1207 παισὶ
761 1141 914 1230 Ζωπύρῳ
931 1143 1063 1226 ἐγένετο
1079 1142 1125 1208 τί·

135 1263 195 1316 ρας
208 1234 301 1303 τόδε·
330 1243 398 1303 τῶν
413 1242 446 1304 οί
458 1237 649 1323 σιτοφόρων
663 1234 816 1324 ἡμιόνων
829 1243 888 1322 μία
903 1243 1003 1305 ἔτεκε.
1034 1233 1080 1316 ὡς
1095 1239 1131 1304 δέ

134 1340 168 1406 οί
182 1338 362 1420 ἐξηγγέλθη
385 1339 439 1403 καί
462 1335 527 1405 ὑπὸ
550 1335 703 1420 ἀπιστίης
726 1333 827 1413 αύτός
850 1333 1048 1422 ὁΖύπυρος
1069 1336 1129 1405 εἶδε

133 1431 169 1501 τὸ
191 1437 337 1519 βρέφος,
355 1429 495 1510 ἀπείπας
517 1446 602 1499 τοῖσι
624 1431 775 1498 δούλοισι
795 1435 912 1517 μηδενὶ
934 1435 1076 1517 φράζειν
1094 1433 1128 1502 τὸ

132 1529 272 1620 γεγονὸς
294 1532 501 1617 ἐβουλεύετο.
535 1539 592 1599 καί
611 1535 645 1599 οί
662 1528 746 1617 πρὸς
769 1528 810 1597 τὰ
830 1539 891 1598 τοῦ
911 1539 1129 1618 Βαβυλωνίου

132 1631 279 1720 βήματα,
302 1624 339 1706 ὃς
353 1627 426 1695 κατ’
450 1626 552 1715 ἀρχάς
573 1634 693 1714 ἔφησε,
715 1627 817 1694 ἐπεάν
842 1652 905 1711 περ
924 1624 1060 1715 ἡμίονοι
1078 1633 1125 1697 τέ-

133 1745 232 1812 κωσι,
255 1727 329 1794 τότε
344 1724 381 1792 τὸ
398 1740 502 1811 τεῖχος
519 1722 727 1809 ἁλώσεσθαι,
751 1723 835 1811 πρὸς
848 1725 974 1813 ταύτην
987 1722 1051 1811 τὴν
1065 1723 1127 1812 φή·

29 1884 32 1888 ,
132 1851 199 1912 μην
214 1823 365 1914 Ζωπύρῳ
388 1823 500 1891 ἐδόκεε
520 1822 605 1891 εἶναι
624 1819 791 1909 ῦλάσιμος
812 1821 833 1909 ἡ
853 1823 1037 1909 Βαβυλών·
1067 1820 1128 1890 σύν

132 1918 196 2008 γάρ
211 1928 281 2010 θεῷ
297 1923 427 1989 ἐκεῖνόν
447 1947 482 1988 τε
503 1923 608 1989 εἰπεῖν
629 1923 683 1988 καὶ
705 1923 817 2011 ἑωυτῷ
834 1936 942 1988 τεκεῖν
958 1919 1022 2008 τὴν
1034 1919 1128 2008 ἡμίο-

70 2027 120 2084 154
133 2045 203 2085 νον.
243 2017 301 2094 Ὡς
317 2021 356 2084 δέ
367 2023 401 2084 οί
413 2019 525 2086 ἐδόκεε
542 2018 710 2104 μόρσιμον
726 2017 810 2087 εἶναι
824 2016 887 2105 ἤδη
902 2027 941 2108 τῇ
952 2027 1128 2108 Βαβυλῶνι

132 2113 346 2198 ἁλίσκεσθαι,
362 2113 562 2199 προσελθων
576 2121 707 2206 Δαρείῳ
722 2115 999 2205 ἀπεπυνθάνετο,
1017 2119 1128 2203 είπερλ

132 2215 259 2275 πολλοῦ
281 2209 386 2293 κάρτα
401 2212 546 2278 ποιέεται
562 2210 624 2297 τὴν
637 2221 825 2300 Βαβυλῶνα
846 2217 941 2284 ἑλεῖν.
975 2215 1128 2300 πυθόμε-

133 2331 190 2383 νος
205 2305 257 2391 δὲ,
279 2303 323 2384 ὡς
338 2315 465 2376 πολλοῦ
480 2317 619 2398 τιμῷτο,
639 2309 720 2379 ἄλλο
736 2313 950 2400 ἐβουλεύετο,
967 2313 1055 2393 ὅκως
1068 2311 1129 2381 αύ-

131 2405 187 2483 τύς
201 2432 236 2473 τε
251 2411 341 2474 ἔσται
361 2404 379 2474 ὁ
403 2406 488 2476 ἔλων
503 2405 610 2494 αὐτὴν
625 2414 680 2477 καὶ
695 2413 822 2478 ἑωυτοῦ
843 2410 880 2479 τὸ
904 2418 1005 2500 ἔργον
1022 2419 1127 2481 ἔσται’

131 2504 236 2588 κάρτα
247 2501 312 2588 γάρ
329 2507 365 2571 ἐν
376 2518 461 2571 τοῖσι
471 2509 619 2594 Πέρσησι
634 2512 670 2575 αί
682 2505 900 2595 ἀγαθοεργίαι
914 2506 995 2588 ἐς
960 2536 998 2576 το
1013 2509 1129 2596 πρόσω
1167 2508 1169 2513 ’

131 2601 297 2685 μεγάθεος
314 2602 494 2687 τιμέονται·
521 2602 610 2694 άλλῳ
625 2608 687 2691 μέν
708 2633 774 2673 νυν
791 2604 854 2674 ούκ
869 2602 1027 2694 ἐφράζετο
1042 2612 1129 2696 ἔργῳ

132 2693 274 2774 δυνατὸς
296 2694 383 2764 εἶναί
405 2725 464 2784 μιν
490 2698 683 2789 ὑποχειρίην
706 2711 903 2792 ποιῆσαι,ε
889 2710 919 2772 εί
942 2702 973 2772 δ’
1002 2700 1130 2772 εωντόν

130 2791 366 2880 λωβησάμενος
382 2792 621 2884 αὐτομολήσειει
633 2799 723 2878 ἐς’
682 2801 813 2880 αυτούς.
837 2805 985 2869 ἐνθαῦτα
1002 2805 1040 2870 ἐν
1054 2805 1130 2869 ἐλο-

131 2898 205 3010 φρςῦ
226 2890 449 3015 ποιησάμενος
471 2893 597 2962 ἑωυτὸν
622 2906 768 2985 λωβᾶται
789 2899 903 2987 λύβην
926 2897 1129 3019 ἆνήκεστοη·

130 2986 310 3073 άποταμων
325 2987 390 3076 γάρ
407 2995 533 3060 ἑωυτοῦ
548 3022 610 3080 την
624 2999 659 3085 ρῑ
659 3025 700 3064 να
716 3002 770 3066 και
782 2995 822 3065 τά
842 3024 909 3065 ωτα
927 2995 1029 3066 καὶ
993 3023 1056 3083 την
1072 2997 1132 3064 κύ-

129 3111 196 3170 μην
212 3112 321 3163 κακως
342 3095 531 3175 περικείρας
552 3096 607 3162 καλ
623 3095 832 3181 μαστιγώσας
848 3088 935 3183 ηλθε
950 3091 1040 3182 παρά
1056 3105 1132 3164 Δα-

67 3195 228 3267 155ρείον.
279 3188 480 3268 Δαρειοςὸὲ
501 3189 606 3273 κάρτα
631 3189 801 3280 βαρέως”
779 3219 891 3279 ηνεικε
912 3189 995 3262 ίᾶων
1023 3190 1133 3281 ἄνδρα

128 3279 356 3365 δοκιμώτατον
378 3289 627 3375 λελωβημένον,
650 3296 686 3358 ἔκ
707 3317 742 3359 τε
761 3298 823 3359 τοῦ
839 3291 973 3375 θρόνον
998 3289 1133 3377 άναπη

112 3376 223 3463 ίησας
239 3376 399 3471 άνέβωσέ
412 3410 447 3454 τε
468 3388 555 3456 καλε
542 3389 647 3478 εἴρετό
666 3417 744 3477 μιν,
761 3389 850 3468 οστις
870 3387 955 3472 εἴη’
941 3417 959 3458 o
975 3392 1135 3477 λωβησά
