2354 3840
136 187 199 249 ειε
505 187 756 266 οτκοοοτι

135 347 273 436 γμάτων
294 345 465 433 σφρηγῖδά
492 363 553 430 σφι
581 346 721 431 ἐπέβαλε
740 341 803 431 τήν
819 350 989 433 Δαρείου,
1005 344 1129 434 μετάδλ

135 443 187 533 ἤιε
202 450 287 532 ἐχιιν
300 451 405 511 ταῦτα
420 445 452 521 ἐς
463 439 522 520 τάς
536 442 674 527 Σάρδις.
697 438 901 529 ἀπικόμενος
911 441 950 512 δέ
962 447 1021 513 καί
1031 441 1129 531 Ὀροί-

135 571 200 614 τεω
210 543 274 622 ἐς
254 557 334 623 σφιν
351 540 465 611 ἐλθών
478 549 547 610 τῶν
560 547 704 630 βιβλίων
725 544 804 608 ἓν”
783 562 927 611 εκαστον
946 543 1129 632 περιαιρεό-

134 667 235 729 μενος
249 644 362 709 ἐδίδον
375 648 422 730 τῷ
435 646 707 729 γραμματιστῇ
675 665 722 705 τω
707 646 897 731 βασιληίῳ
907 643 1171 741 ἐκιλέγεσθανι

134 738 382 828 γραμματιστας
397 742 434 808 δ
448 747 644 829 βασιληίους
657 744 693 807 οί
710 739 833 817 πάντες
849 739 995 827 ὕπαρχοι
1010 747 1128 827 έχουσι·
1165 716 1171 845 i

135 835 417 924 ἀποπειρώμενος
434 839 471 906 δέ
484 845 554 906 τῶν
576 835 783 956 δορυφόρων
801 836 973 903 ἐδίδου
934 864 977 905 τα
990 833 1171 926 βιβλίαδ

134 947 288 1023 Βαγαῖος,
301 946 336 1004 εί
344 941 378 1004 οί
386 931 606 1016 ἐνδεξαίατο
586 934 773 1002 ἀπόστασιν
783 930 844 1000 ἀπ’
855 930 1018 1021 Ὀροίτεω.
1031 932 1129 1053 ὁρέων

134 1040 174 1103 δέ
185 1056 289 1120 σφεας
305 1035 346 1103 τά
367 1061 403 1102 τε
417 1040 530 1121 βιβλία
550 1035 754 1120 σεβομένους
773 1029 925 1116 μεγάλως
944 1033 1003 1099 καί
1028 1057 1070 1099 τα
1057 1028 1130 1100 λε-

132 1134 259 1255 γόμενα
274 1134 311 1199 έκ
328 1138 396 1198 τών
409 1139 551 1248 βιβλίων
562 1136 685 1211 έτιζ
624 1156 666 1217 με
667 1128 786 1215 ζόνως,
807 1133 898 1197 διδοῖ
914 1126 1016 1217 ἀλλο,
1041 1132 1129 1198 ἐν’
1091 1155 1129 1220 τφ

132 1233 214 1316 ε’νῆν
229 1234 310 1297 ἐπειι
322 1224 452 1292 τοιάδε·
465 1218 659 1310 ὩΠέρσαι,
673 1223 832 1312 βασιλεδς
848 1237 994 1314 Δαρεῖος
1008 1223 1129 1312 ἀπαγο-

133 1329 226 1413 ρεώει
240 1324 322 1412 ὑμῖν
336 1352 381 1411 μη
370 1321 644 1490 δορυφρρέειν’
642 1332 794 1412 οροίτην.
817 1331 861 1394 Οί
874 1323 949 1394 δὲ’
929 1326 1129 1451 ακρόσαντες

134 1426 264 1495 τούτων
280 1422 428 1510 μετῆκάν
441 1421 526 1490 οί
489 1450 548 1501 τας
562 1429 599 1490 αί
595 1423 742 1509 χμάς.ί
728 1423 811 1493 ίδών
825 1427 862 1493 δὲ
881 1427 984 1495 τοῦτό
998 1423 1129 1514 σφεαςὸ

134 1532 279 1608 Βαγαῖος
290 1523 514 1608 πειθομένους
528 1527 574 1612 τῷ
594 1529 730 1612 βιβλίφ,
743 1525 892 1592 ἐνθαῦτα
906 1523 947 1612 δή
959 1526 1130 1614 θαρσήσας

134 1617 378 1687 τὸτελευταῖον
397 1626 465 1686 τών
485 1625 626 1706 βιβλίων
650 1623 741 1688 διδοῖ
757 1629 804 1711 τῷ
827 1630 1076 1712 γραμματιστῇ,
1098 1623 1130 1689 ἐν

134 1722 180 1810 τῷ
195 1718 392 1802 ἐγέγραπτο·
409 1713 876 1808 ΒασιλεδςΔαρεῑοςΠέρσησι
889 1735 975 1790 τοῖσι
989 1724 1029 1790 ἐν
1042 1720 1129 1805 Σάρ-

134 1818 203 1881 δισι
222 1815 406 1882 ἐντέλλεται
426 1822 569 1883 κτείνειν
579 1812 737 1902 Ὀροίτην,
772 1820 817 1884 Οί
832 1818 869 1884 δέ
887 1818 1078 1905 δορυφόροι
1092 1812 1131 1893 ὡς

134 1910 285 1999 ἤκουσαν
305 1919 426 1999 ταῦτα,
454 1913 661 1998 σπασάμενοι
681 1912 761 1992 τοὺς
782 1910 944 1992 ἀκινάκας
966 1921 1129 1982 κτείνουσι

135 2015 322 2096 παραυτίκα
342 2036 410 2094 μιν.
455 2008 544 2077 οὕτω
566 2005 606 2095 δή
625 2007 786 2096 Ὀροίτην
797 2006 857 2078 τόν
870 2013 1008 2099 Πέρσην
1021 2019 1126 2080 Πολυ

135 2105 272 2188 κράτεος
292 2112 353 2170 τοῦ
367 2113 501 2191 Σαμίου
514 2112 615 2186 τίσιες
628 2113 806 2194 μετῆλθον.

213 2200 439 2287 Ἀπικομένων
454 2206 490 2270 δὲ
511 2206 567 2272 καὶ
588 2202 888 2291 ἀνακομισθέντων
901 2213 970 2274 τών
980 2204 1131 2292 Ὀροίτεω

134 2301 311 2391 χρημάτων
338 2304 370 2379 ἐς
394 2300 435 2368 τά
459 2309 576 2370 Σοῦσα
601 2303 779 2391 συνήνεικε
803 2303 914 2394 χρόνῳ
947 2301 991 2371 οὐ
1021 2311 1132 2394 πολλῷ

133 2400 277 2484 ὕστερον
287 2402 423 2487 βασιλέα
430 2410 578 2493 Δαρεῖον
588 2402 626 2469 έν
636 2398 723 2489 ἀγρη
735 2408 856 2488 θηρῶν
866 2397 1133 2487 ἀποθρώσκοντα

135 2497 197 2565 ἀπ’
223 2501 329 2564 ἵππου
344 2504 531 2583 στραφῆναι
545 2494 606 2563 τόν
619 2497 715 2564 πόδα.
753 2504 812 2564 καί
828 2522 894 2575 κως
914 2499 1134 2583 ἰσχυροτέρως

135 2594 300 2680 ἐστράφη·
322 2590 339 2661 ὁ
361 2594 426 2679 γάρ
447 2598 481 2660 οἱ
498 2591 704 2680 ἀστράγαλος
724 2595 904 2681 ἐξεχώρησε
927 2597 964 2662 ἐκ
983 2602 1053 2662 τῶν
1073 2594 1135 2679 ἀρ-

136 2707 241 2778 θρων.
281 2698 424 2777 νομίζων
448 2693 485 2761 δέ
511 2695 567 2761 καλ
596 2696 761 2782 πρότερον
785 2699 861 2782 περὶ
890 2693 1018 2763 έωυτδν
1047 2702 1134 2782 ἐχειν

135 2796 329 2880 Αἰγυπτίων
342 2787 421 2867 τούς
435 2790 612 2870 δοκέοντας
627 2790 711 2859 εἶναι
731 2791 885 2877 πρώτους
898 2788 961 2878 τήν
975 2792 1137 2882 ίητρικήν,

135 2889 282 2958 τοάτοισι
300 2890 425 2973 ἐχρᾶτο.
449 2891 484 2955 οί
502 2887 539 2955 δέ
556 2895 793 2976 στρεβλοῦντες
810 2886 1050 2976 καδβιεάμενοι
1073 2887 1133 2957 τόν

134 2988 222 3056 πόδα
236 2981 342 3053 κακόν
356 2986 455 3071 μέζον
472 2986 657 3072 ἐργάζοντο.
681 2985 734 3055 ἐπ’
757 2985 838 3056 έπτά
862 2989 925 3074 μὲν
945 2985 986 3073 δή
1010 2984 1136 3076 ἡμέρας

135 3089 190 3155 καὶ
201 3080 281 3152 έπτά
299 3083 424 3163 νύκτας
444 3082 511 3152 ὑπὸ
533 3093 595 3153 τοῦ
614 3087 799 3171 παρεόντος
819 3091 926 3153 κακοῦ
946 3081 964 3152 ὁ
988 3095 1136 3169 Δαρεῖος

135 3182 338 3270 ἀγρυπνίῃσι
366 3191 485 3269 είχετο,
513 3189 554 3272 τῇ
579 3185 616 3250 δέ
638 3181 679 3270 δή
704 3182 809 3271 ὀγδόη
835 3178 943 3270 ἡμέρη
967 3186 1080 3268 ἔχοντί
1105 3186 1138 3251 οί

135 3279 294 3368 φλαύρως
318 3279 535 3364 παρακούσας
548 3306 597 3358 τις
613 3279 779 3368 πρότερον
794 3286 842 3349 ἔτι
863 3281 901 3347 έν
916 3277 1062 3363 Σάρδισι
1074 3285 1136 3347 τοῦ

140 3376 375 3468 Κροτωνιήτεω
392 3378 609 3465 Δημοκήδεος
622 3374 685 3464 τήν
699 3381 818 3464 τέχνην
832 3375 983 3464 ἀγγέλλει
999 3382 1046 3466 τῷ
1061 3386 1136 3446 Aa·
