2354 3840
336 194 421 252 ΗΒ.
455 195 501 250 Ν.
535 195 633 252 ΟΑΡ.
665 203 807 260 θΙ-λδ.
1016 196 1078 259 305

68 359 121 422 καὶ
135 348 203 421 άπὸ
219 359 277 438 τῆς
293 350 480 439 παχύτητος
495 346 601 417 αὐτοῦ
615 359 673 437 τῆς
684 352 807 440 τρυγός
822 355 978 432 παλάθας
992 375 1078 422 συν-
1145 388 1147 394 ·

68 459 193 521 τνθελσι
210 453 266 519 καὶ
276 449 400 528 ταύτας
410 451 584 516 σιτέονται.
602 447 753 535 πρόβατα
764 450 830 538 γάρ
843 470 903 537 σφι
915 447 957 518 ού
968 448 1078 519 πολλά

68 551 153 618 ἐστι’·
167 544 219 616 ού
229 547 295 635 γάρ
312 546 344 616 τι
359 549 541 615 σπουδαῖαι
555 548 656 631 νομαὶ
670 543 840 614 αότόθιί
811 573 825 614 ε
828 553 882 615 ἰσλ
914 544 981 614 ὑπὸ
998 549 1077 613 δεν-

68 651 155 769 δ’ρέῳ
176 647 213 714 δέ
234 648 371 725 ἕκαστος
392 652 617 735 κατοίκηταιι
623 641 765 731 τὸνμὲν
789 650 952 732 χειμῶνα,
975 639 1077 712 ἐπεάν

67 765 102 813 το
91 742 281 869 δένδρεον
295 743 509 832 περικαλύψῃ
523 749 608 834 πίλῳ
622 750 750 833 στεγνῷ
765 749 891 833 λευκῷ,
909 768 946 810 το
935 740 999 810 δέ
1012 741 1075 809 θέ-

66 870 140 933 ρος
135 870 223 912 αυευ
233 850 343 913 πίλου.
366 869 509 922 τουτους
520 841 631 922 ουδεὶς
644 840 768 911 αδικέει
779 840 989 930 αυθρωπωυ
1007 840 1074 928 [pol

65 940 130 1029 γὰρ
146 939 348 1028 λέγονταιί
316 966 331 1009 ε
344 967 409 1010 ναι.
432 937 517 1009 ούδέ
528 966 560 1008 τι
574 937 695 1060 άρήιου
712 934 1004 1007 όπλουκεκτέαται.
1019 935 1074 1003 καὶ

67 1045 167 1107 τοῦτο
184 1041 248 1125 μὲν
263 1053 348 1107 τοῖσι
362 1039 590 1127 περιοικέουσι
605 1028 702 1104 οὗτοί
717 1042 779 1103 εἰσι
791 1033 872 1101 οί
836 1061 895 1112 τας
909 1030 1073 1119 διαφοράς

65 1141 287 1225 διαιρέοντες,
310 1144 411 1205 τούτο
426 1132 513 1222 δέ,
500 1135 538 1214 ός
552 1130 596 1201 άν
608 1133 746 1220 φεύγων
757 1129 934 1219 καταφύγῃ
946 1133 978 1208 ές
991 1130 1073 1198 τού-

67 1256 163 1322 τους,
184 1233 246 1303 ὑπ’
267 1232 408 1313 ούδευός
428 1231 608 1302 ἀδικέεται·
632 1228 762 1317 ούνομα
781 1232 821 1296 δέ
837 1235 901 1313 σφί
911 1229 980 1294 έστι
997 1225 1071 1312 Ἀρ-

61 1348 224 1423 γιππαθοι.
268 1336 379 1421 Μέχρι
391 1334 454 1454 μέν
464 1359 532 1400 νυν
546 1357 614 1399 των
626 1335 809 1417 φαλακρων
822 1327 950 1395 τούτων
964 1322 1069 1411 πολλη
1082 1346 1116 1402 24

62 1437 268 1521 περιφάνεια
290 1438 347 1518 τῆς
362 1431 472 1519 χάρης
494 1432 561 1500 ἐστὶ
584 1432 640 1498 καὶ
655 1436 723 1497 τάν
738 1434 909 1548 ἔμπροσθε
925 1428 1070 1495 ἐθνέων

63 1526 176 1598 καὶ
136 1554 202 1649 γαρ
219 1531 388 1597 Σκυθέων
402 1531 489 1607 τινὲς
506 1525 722 1610 ἀπικνέονται
738 1529 770 1604 ἐς
785 1522 924 1613 αυτούς,
947 1531 1014 1592 τῶν
1030 1518 1071 1591 ού

63 1624 212 1713 χαλεπόν
223 1627 291 1694 ἐστι
305 1629 497 1712 πυθέσθαι,
520 1624 592 1694 καὶ
592 1625 752 1712 Ελλήνων
769 1631 837 1690 των
849 1626 884 1691 έκ
896 1624 1071 1708 Βορυσθέ-

64 1724 143 1803 νεός
163 1749 198 1792 τε
215 1726 377 1810 ἐμπορίου
398 1727 454 1793 καὶ
474 1731 543 1793 τῶν
565 1724 676 1794 ἄλλων
690 1731 868 1792 Ποντικῶν
885 1726 1068 1812 έμπορίων.

63 1822 234 1892 Σκυθέων
249 1821 286 1890 δέ
302 1819 389 1893 οδάν
399 1829 525 1892 έλθωσι
540 1827 573 1901 ές
589 1821 728 1909 αύτούς,
745 1821 790 1890 δι’
808 1822 887 1891 ἑπτά
900 1825 1070 1910 ἑρμηνέων

63 1921 120 1988 καί
141 1917 187 1987 δι’
207 1917 288 1987 έπτά
304 1923 483 2005 γλωσσέων
504 1921 777 2010 διαπρήσσονται.
823 1924 933 2007 Μέχρι
948 1923 1010 2007 μὲν
1027 1917 1068 2006 δὴ
1080 1947 1113 2001 ης

63 2017 195 2087 τούτων
215 2019 431 2107 γινώσκεται,
460 2017 496 2088 τό
522 2022 559 2088 δέ
580 2027 648 2087 τάν
646 2027 852 2140 φαλακροβυ
877 2021 1069 2106 κατύπερθε

64 2116 175 2196 οὐδεὶς
190 2113 353 2204 ἀτρεκέως
368 2116 437 2186 οἶδε
453 2119 597 2206 φράσαι·
621 2115 725 2206 ούρεά
736 2144 771 2186 τε
783 2115 848 2204 γάρ
861 2115 1003 2204 ὑόηλά’
985 2142 1070 2185 απο-

64 2216 183 2301 τάμνει
198 2212 306 2301 ἄβατα
320 2219 375 2284 καὶ
396 2214 508 2296 ούδείς
522 2236 609 2304 σφεα
624 2215 836 2306 ὑπερβαίνει
860 2222 894 2285 οἱ
879 2217 943 2285 ἰδέ
961 2226 1071 2302 φαλα-

63 2315 161 2433 κροὶ
154 2302 258 2379 οὗτοι
262 2314 415 2398 λέγουσι,
431 2315 502 2400 ἐμοὶ
517 2312 631 2400 μέν’
591 2340 634 2382 ου
644 2313 743 2382 πιστά
756 2318 964 2400 λέγουτες,ο
947 2319 1069 2381 οἰκέειν

62 2408 103 2478 τά
118 2407 223 2528 ούρεα
236 2415 410 2495 αἰγίποδας
424 2410 568 2500 ἄνδρας,
591 2411 775 2500 ὑπερβάντι
797 2415 833 2480 δέ
853 2413 993 2491 τούτους
1007 2411 1069 2481 άλ-

60 2503 381 2628 λουςανθροόπους,
405 2518 440 2579 οἳ
457 2509 519 2598 τὴν
542 2510 707 2599 ἑξάμηνον
721 2512 937 2580 κατεύδουσι·
968 2517 1066 2579 τοῦτο

61 2709 245 2789 φαλακρῶν
260 2703 458 2791 γινώσκεται
479 2704 642 2794 άτρέκέως
660 2698 729 2774 ὑπ’Δ
740 2704 939 2794 Ἰσσηδόνων
957 2705 1067 2775 οίκεό-

58 2826 180 2888 μενον,
199 2798 240 2869 τό
262 2805 376 2890 μέντοι
397 2805 590 2895 κατύπερθε
614 2804 698 2896 πρός
708 2806 884 2928 βορέην
870 2805 996 2893 άυεμον
1024 2804 1065 2873 ού

57 2897 285 3020 γινώσκεται,
300 2899 380 2970 ούτεΙ
393 2929 461 2971 των
476 2912 661 2995 φαλάκρων
683 2904 760 2975 ούτε
775 2931 843 2973 τωυ
854 2902 1064 2991 Ἰσσηδόνων,

58 2992 184 3081 ε’ίμῆ”
163 3015 226 3065 οσα
237 2994 357 3065 αὐτων
370 2997 501 3068 τούτων
516 3001 704 3088 λεγόντων
740 3003 886 3089 Νόμοισι
907 2999 966 3068 δέ’
963 3010 1089 3088 Ισση-ιι
1074 3033 1108 3088 25

50 3091 665 3224 δόυεςτοιοισίδελέγονταιχράσθαι
681 3097 1063 3192 έπεάνάνδρλάποθάνη

54 3188 183 3278 πατὴρ,
214 3199 247 3262 οί
214 3196 495 3285 οπροσήκουτες
519 3202 641 3295 πάντες
666 3202 883 3290 προσάγουσι
900 3209 1064 3298 πρόβατα,

52 3282 148 3357 κἀλέ
129 3294 258 3359 ἔπειτεν
278 3301 384 3364 ’ταῦτα
401 3299 569 3380 θύσαντες
591 3290 645 3370 καὶ
666 3307 910 3389 καταταμόντες
923 3335 964 3374 τα
953 3304 1063 3393 κρέα

52 3386 320 3540 κατατάμυοιῖσι
315 3394 425 3462 καλ
391 3408 452 3464 του
472 3407 532 3467 τοῦ
553 3404 748 3488 δεκομένου
760 3413 927 3475 τεθνεῶτα
948 3413 1060 3500 γονέα,

140 3497 229 3538 mon
886 3508 921 3560 λθ
