2354 3840
133 191 195 258 158
504 199 756 259 HERODOT.

132 360 218 421 νέων
239 351 391 441 ἀνδρῶν,
421 350 523 422 έπεδιν
543 356 780 444 τελευτήσωσι,
808 357 850 425 ού
870 348 1063 446 παραυτίκα
1084 364 1124 429 δε·

132 456 229 519 δοῦσι
242 452 440 539 ταριχεύειν,
460 449 540 520 οὐδὲ
554 451 630 521 όσαι
646 449 690 521 άν
704 460 783 523 ἔωσι
800 453 943 537 εὐειδέες
955 454 1066 539 κάρτα
1080 456 1128 523 καί

130 549 235 632 λόγου
259 555 403 627 πλεῦνος
429 563 604 634 γυναῖκες’,
632 548 706 618 ἀλλ’
734 550 836 620 ἐπεὰν
860 566 1007 640 τριταῖαι
1033 546 1056 638 ἢ
1080 574 1127 619 τε-

129 660 280 733 ταρταῖαι
291 647 464 731 γένωνται,
478 644 566 714 ούτω
577 652 801 735 παραδιδοῦσι
811 664 897 719 τοῖσι
907 651 1125 738 ταριχεύουσι

129 749 227 810 τοῦτο
254 741 291 808 δὲ
314 748 448 811 ποιεῦσι
468 741 558 811 ούτω
582 749 682 812 τοῦδε
705 748 850 833 εἵνεκεν,
879 750 937 814 ἵνα
960 745 1008 833 μή
1026 746 1128 829 σφιοί

129 842 317 926 ταριχευταὶ
344 850 528 926 μίσγωνται
558 847 633 930 τῇσι
658 847 800 926 γυναιξί.
842 848 1048 929 λαμφθῆναι
1068 836 1125 927 γάρ

128 935 204 1003 τινά
222 954 305 1022 φασι
317 937 522 1022 μισγόμενον
536 944 646 1026 νεκρῷ
659 937 845 1029 προσφάτῳ
858 935 1036 1023 γυναικός,
1055 960 1123 1003 κατ-

83 1053 116 1107 90
131 1050 219 1102 εἱπαι
242 1035 278 1100 δέ
298 1031 359 1101 τόν
373 1030 564 1120 ὁμότεχνον.
595 1031 652 1112 Ὃς
667 1033 698 1101 δ’
717 1030 760 1101 άν
774 1030 795 1120 ἦ
810 1032 923 1101 αὐτῶν
937 1038 1125 1119 Αἰγυπτίων
1141 1048 1152 1071 ‘

131 1121 152 1212 ἢ
168 1135 286 1210 ξείνων
301 1127 423 1216 ὁμοίως
437 1128 503 1199 ύπὸ
519 1134 736 1218 κροκοδείλου
752 1127 935 1218 ἁρπασθεὶς
949 1125 971 1216 ἢ
987 1124 1050 1198 ὑπ’
1071 1124 1125 1195 αύ-

129 1235 264 1296 τοῦτοῦ
279 1236 432 1314 ποταμοῦ
450 1236 608 1316 φαίνηται
622 1225 785 1314 τεθνεως,
813 1224 886 1295 κατ’
908 1224 953 1314 ἢν
973 1223 1021 1294 άν
1034 1225 1124 1294 πόλιν

131 1329 318 1417 ἐξενειχθῇ,
345 1328 488 1405 τούτους
503 1334 603 1407 ,πᾶσα
629 1324 758 1413 ἀνάγκη
783 1327 850 1392 έστλ
873 1322 1124 1411 ταριχεύσαντας

130 1423 235 1492 αύτόν
256 1429 312 1493 καὶ
334 1435 601 1513 περιστείλαντας
623 1424 667 1504 ὡς
687 1425 846 1492 κάλλιστα
860 1424 973 1505 θάψαι
987 1425 1027 1491 έν
1043 1427 1124 1510 ἱρῇσι

128 1521 270 1610 θήκῃσι·
294 1518 373 1591 ούδὲ
394 1529 521 1604 ψαῦσαι
541 1527 644 1602 ἔξεστι
665 1520 770 1589 αύτοῦ
791 1520 895 1590 ἄλλον
910 1517 1036 1589 ούδένα
1056 1518 1123 1588 ούτε

129 1629 197 1688 τῶν
210 1622 459 1709 προσηκόντων
481 1622 558 1690 ούτε
579 1629 646 1689 τῶν
667 1629 793 1709 φίλων,
820 1619 905 1690 άλλά
919 1647 979 1709 μιν
1001 1626 1037 1690 οἱ
1049 1623 1122 1709 ἱρέες

130 1719 223 1788 αύτοὶ
239 1725 273 1788 οἱ
284 1728 345 1789 τοῦ
359 1729 497 1809 Νείλου,
521 1720 578 1790 άτε
594 1725 696 1790 πλέον
710 1747 741 1789 τι
755 1717 777 1808 ἢ
792 1718 982 1809 άνθρύπον
996 1716 1120 1805 νεκρόν,

127 1821 397 1906 χειραπτάζοντες
410 1820 588 1888 θάπτουσι.

80 1935 113 1988 91
208 1918 429 2008 Ἑλληνικοῖσι
447 1921 483 1989 δὲ
497 1927 666 2007 νομαίοισι
681 1920 847 2006 φεύγουσι
863 1926 1023 2007 χρᾶσθαι,
1045 1914 1079 1989 τδ
1092 1918 1123 1985 δὲ

129 2015 266 2106 σύμπαν
287 2026 407 2107 εἰπεῖν,
436 2017 515 2108 μηδ’
539 2019 651 2088 ἄλλων
665 2017 798 2106 μηδαμά
814 2022 977 2105 μηδαμῶν
992 2015 1123 2105 ἀνθρύ-

128 2141 203 2184 πων
216 2127 392 2204 νομαίοισι.
422 2123 456 2186 οἱ
467 2120 529 2204 μέν
545 2145 611 2186 νον
625 2117 721 2186 ἄλλοι
734 2117 913 2202 Αἱγύπτιοι
928 2114 1020 2184 οὕτω
1032 2120 1121 2184 τοῦτο

129 2215 358 2298 φυλάσσουσι,
397 2220 465 2282 ἔστι
486 2216 522 2283 δὲ
543 2218 669 2302 Χέμμις
690 2215 786 2294 πόλις
801 2213 928 2303 μεγάλη
942 2220 1054 2303 νομοῦ
1069 2215 1122 2284 τοῦ

129 2319 300 2399 Θηβαϊκοῦ
321 2311 421 2400 έγγύς
438 2317 530 2399 Νέης
551 2312 675 2392 πόλιος.
720 2315 758 2383 έν
778 2316 882 2404 ταύτῃ
900 2320 941 2403 τῇ
962 2313 1043 2384 πόλι
1064 2316 1122 2381 ἔστι

127 2417 274 2496 Περσέος
294 2419 355 2479 τοῦ
370 2413 510 2500 Δανάης
524 2410 600 2503 ἱρὸν
614 2413 842 2503 τετράγωνον,
863 2415 959 2501 πέριξ
974 2413 1012 2480 δδ
1026 2409 1121 2480 αῦτοῦ

129 2519 279 2597 φοίνικες
304 2512 482 2598 πεφύκασι.
529 2512 569 2582 τά
591 2519 628 2583 δὲ
647 2516 803 2601 πρόπυλα
823 2519 885 2581 τοῦ
910 2518 988 2601 ἱροῦ
1013 2509 1121 2582 λίθινά

129 2610 213 2694 ἐστι,
245 2609 351 2693 κάρτα
378 2611 522 2696 μεγάλα·
550 2613 603 2680 ἐπὶ
628 2615 664 2679 δὲ
690 2608 819 2678 αύτοὶσι
843 2607 1043 2698 ἀνδριάντες
1066 2608 1120 2677 δύο

127 2707 237 2771 ἑστᾶσι
251 2711 379 2774 λίθινοι
394 2709 541 2794 μεγάλοι.
571 2713 608 2778 έν
623 2709 660 2778 δὲ
676 2716 720 2800 τῷ
734 2714 1008 2800 περιβεβλημένφ
1022 2708 1120 2799 τούτφ

127 2800 208 2885 νηός
221 2826 256 2868 τε
271 2808 322 2870 ένι
342 2806 397 2870 καί
412 2803 543 2892 άγαλμα
563 2810 600 2875 έν
615 2804 705 2898 αύτῷ
726 2809 879 2892 ἐνέστηκε
895 2813 957 2873 τοῦ
970 2808 1119 2895 Περσέος.

127 2894 220 2968 ούτοι
243 2907 277 2970 οἱ
295 2911 456 2989 Χεμμῖται
480 2910 617 2991 λέγουσι
640 2907 701 2974 τδν
723 2909 855 2994 Περσέα
881 2904 1043 2986 πολλάκις
1064 2908 1121 2993 μὲν

125 2998 190 3067 άνόι
205 2999 266 3086 την
279 3009 344 3088 γῆν
359 3010 544 3089 φαίνεσθαί
554 3028 632 3092 σφι,
653 3006 813 3083 πολλάκις
833 3005 869 3072 δὲ
884 3010 950 3072 έσοο
963 3012 1026 3072 τοῦ
1039 3008 1121 3091 ἱροῦ,

126 3098 309 3167 σανδάλιόν
328 3125 364 3168 τε
385 3099 490 3169 αύτοῦ
504 3107 740 3190 πεφορημένον
762 3099 997 3190 εὑρίσκεσθαι,
1020 3095 1120 3170 έόντδ

126 3201 274 3284 μέγαθος
298 3203 434 3287 δίπηχυ,
462 3200 499 3270 τό
526 3201 629 3271 ἐπεάν
653 3210 760 3292 φανῇ,
790 3199 969 3287 εύθηνέειν
993 3198 1120 3269 άπασατ

128 3305 308 3382 Αἱγυπτον.
340 3301 519 3384 ταῦταμὲν
535 3304 687 3387 λέγουσι,
710 3305 841 3367 ποιεῦσι
862 3296 994 3366 δὲτάδε
1010 3295 1122 3383 Ἐλλη-

129 3389 204 3458 νικά
226 3398 271 3482 τῷ
291 3395 430 3480 Περσέι·
456 3394 571 3482 ύγῦνα
593 3394 760 3483 γυμνικόν
786 3405 910 3462 τιθεῖσι
935 3391 992 3463 διδ
1018 3392 1124 3478 πάσης
