2354 3840
329 229 411 284 LIB.
444 228 477 282 ΠΙ
522 227 618 281 ΟΑΡ.
652 231 792 286 67-70.
1001 224 1063 287 249

36 432 41 443 ·
56 385 205 471 δύναμαι
220 387 252 464 ές
266 383 388 470 λόγους
406 387 520 452 έλθετν
536 381 613 450 ούτε
629 381 735 470 ἀλλην
750 382 910 472 οὐδεμίαν
930 391 1063 457 ἰδέσθαι

56 489 125 551 τάν
140 484 403 570 συγκατημένων
423 488 613 568 γυναικῶν·
645 481 753 550 έπείτε
772 479 837 568 γάρ
853 481 988 569 τάχιστα
1002 477 1063 550 ού-

57 608 113 661 τος
137 580 341 668 ὥνθρωπος,
365 578 455 658 ὅστις
476 579 555 647 κοτέ
578 581 662 662 έστι,
691 581 857 667 παρέλαβε
882 578 944 667 τὴν
965 588 1063 668 βασι-

57 685 172 766 ληίην,
198 680 363 761 διέσπειρε
385 675 487 765 ἡμέας
509 673 615 762 ἀλλην
636 674 719 765 άλλῃ
741 676 848 757 τάξας.
889 675 1061 746 Ἀκούοντι
1076 691 1110 746 69

58 777 212 845 δὲταῦτα
223 783 268 866 τῷ
280 772 400 864 Ὀτάνῃ
414 782 542 861 μᾶλλον
551 781 768 860 κατεφαίνετο
781 773 819 843 τὸ
831 783 974 864 πρῆγμα.
992 783 1063 863 τρί-

57 900 119 960 την
136 876 173 941 δὲ
195 870 353 959 ἀγγελίην
368 877 525 958 ἐσπέμπει
540 869 621 958 παρ’
638 868 744 958 αὐτὴν
759 874 924 959 λέγουσαν
940 879 1060 940 ταῦτα·

53 967 92 1040 Ὠ
107 970 276 1058 θύγατερ,
292 976 345 1039 δελ
356 992 393 1038 σε
404 983 585 1056 γεγονυῖαν
597 962 636 1037 εύ
648 973 810 1038 κίνδυνον
821 967 1060 1059 ἀναλαβέσθαι,

57 1071 118 1140 τὸν
134 1066 178 1137 ἀν
192 1066 210 1137 ὁ
225 1066 333 1156 πατὴρ
348 1066 535 1137 ὑποδύνειν
549 1066 685 1154 κελεύῃ·
708 1073 738 1135 εί
756 1065 821 1155 γάρ
843 1066 883 1155 δη
899 1069 944 1155 μη’
959 1064 1059 1136 έστιὸ

59 1166 178 1252 Κύρου
198 1170 359 1253 Σμέρδις,
383 1163 467 1234 ἀλλὰ
491 1162 552 1232 τδν
571 1167 762 1232 καταδοκέω
783 1163 865 1251 έγεδ,
889 1165 981 1233 ούτοι
1002 1191 1061 1252 μιν

57 1273 113 1335 σοί
128 1288 166 1330 τε
180 1258 463 1348 συγκοιμεόμενον
483 1264 538 1331 καλ
557 1260 594 1330 τό
619 1264 778 1348 Περσέων
801 1262 921 1346 κράτος
945 1268 1060 1348 ἔχοντα

58 1369 111 1432 δεῖ
121 1369 278 1448 χαίροντα
294 1361 536 1446 ἀπαλλάσσειν,
560 1357 644 1428 ἀλλὰ
662 1363 781 1426 δοῦναι
796 1363 902 1446 δίκην.
930 1367 995 1425 νῦν
1012 1352 1061 1426 ὦν

56 1469 198 1548 ποίησον
211 1460 306 1528 τάδε·
325 1460 427 1528 έπεάν
440 1478 493 1527 σοι
509 1458 658 1546 συνεύδῃ
672 1461 726 1526 καὶ
740 1457 852 1545 μάθῃς
862 1454 967 1525 αὐτὸν
982 1483 1062 1525 κατ-

58 1559 274 1645 υπνωμένον,
303 1557 437 1644 ἀφασον
464 1554 569 1625 αὐτοῦ
590 1553 630 1623 τά
653 1549 735 1623 εάτα·
766 1558 821 1623 καί
834 1551 879 1642 ἢν
899 1558 961 1641 μὲν
982 1563 1061 1642 φαέ-

57 1686 152 1746 νηται
169 1663 253 1743 ἔχων
266 1648 333 1724 ὦτα
341 1655 475 1742 ,νόμιζε
486 1652 636 1741 σεωυτὴν
645 1654 818 1742 Σμέρδι
787 1660 832 1720 τῶ
844 1653 962 1739 Κύρου
977 1674 1061 1720 συν-

56 1751 231 1842 οικέειν,“
209 1781 254 1840 ην
271 1751 362 1820 δὲ
321 1779 365 1839 μη
386 1759 480 1839 ἔχων,
501 1746 545 1818 σύ
560 1753 595 1818 δὲ
609 1758 654 1841 τῷ
672 1751 767 1869 μάγφ
780 1753 915 1836 Σμέρδι.
953 1746 1061 1816 Ἀντι-

55 1857 176 1941 πέμπει
201 1847 285 1937 πρὸς
309 1857 413 1917 ταῦτα
437 1848 457 1935 ἡ
484 1848 640 1934 Φαιδύμη
667 1848 799 1932 φαμένη
826 1847 1060 1913 κινδυνεύσειν

54 1949 223 2038 μεγάλως,
243 1972 288 2033 ην
299 1952 507 2035 ποιῃταῦια
531 1952 561 2011 εί
574 1942 638 2031 γάρ
650 1941 690 2029 δη
707 1968 751 2029 μη
766 1942 922 2029 τυγχάνει
938 1941 977 2010 τά
994 1936 1061 2010 εἶτα

55 2055 156 2134 ἔχων,
181 2047 381 2130 ἐπίλαμπτος
401 2045 437 2111 δὲ
460 2041 661 2129 ἀφάσσουσα
683 2046 790 2127 ἔσται,
814 2034 853 2108 εὖ
874 2039 1037 2110 είδέναι’
1017 2067 1060 2120 ως

54 2142 210 2214 ἀιστώσει
225 2167 299 2227 μιν
327 2139 417 2227 ὅμως
440 2143 553 2227 μέντοι
576 2140 728 2226 ποιήσειν
749 2146 861 2208 ταύτα.
894 2170 921 2260 ῃ
903 2139 999 2228 μέν
1019 2138 1059 2227 δὴ

55 2239 236 2320 ὑπεδέξατο
250 2263 355 2305 ταυτα
374 2263 420 2329 τῃ)
406 2240 537 2325 πατρὶ
558 2237 840 2324 κατεργάσεσθαι,
861 2247 922 2306 τοῦ
939 2241 975 2308 δὲ
996 2239 1061 2324 μά-

21 2390 30 2394 -
56 2367 120 2430 γον
133 2341 257 2409 τούτου
271 2347 332 2406 τοῦ
347 2342 513 2427 Σμέρδιος
528 2345 642 2421 Κῦρος
657 2335 674 2404 ὁ
690 2338 880 2423 Καμβύσεω
896 2337 1007 2423 ἀρχων
1020 2335 1060 2405 τά

56 2435 125 2508 εἶτα
140 2435 285 2524 ἀπέταμε
300 2434 352 2504 έπ’
369 2445 457 2527 αίτίῃ
472 2438 513 2525 δή
529 2462 595 2505 τινι
611 2435 652 2504 ού
668 2443 799 2524 σμικρῇ.
822 2434 843 2524 ἡ
861 2431 908 2504 ὦν
923 2436 963 2524 δη
976 2447 1062 2504 Φαι-

55 2539 145 2625 δύμη
162 2535 263 2624 αὕτη,
279 2533 300 2624 ἡ
314 2544 375 2606 τοῦ
386 2536 529 2606 Ὀτάνεω
538 2535 710 2622 θυγάτηρ,
726 2535 835 2602 πάντα
850 2538 1061 2604 ἐπιτελέουσα

54 2634 95 2704 τά
118 2634 298 2716 ὑπεδέξατο
319 2643 365 2727 τῷ
389 2639 505 2721 πατρὶ,
550 2635 658 2703 έπείτε
693 2631 795 2720 αὐτῆς
816 2638 915 2720 μέρος
936 2637 1062 2721 ἐγίνετο

55 2763 112 2823 της
128 2732 256 2816 ἀπίξιος
272 2733 363 2819 παρὰ
380 2733 441 2802 τὸν
457 2733 567 2820 μάγον
608 2735 660 2821 (έν
680 2757 864 2822 περιτροπῃ
884 2732 949 2820 γάρ
960 2731 1010 2820 δη
1029 2736 1064 2801 αί

56 2849 213 2956 γυναῖκες
230 2837 403 2922 φοιτέουσι
422 2850 507 2902 τοῖσι
521 2836 703 2922 Πέρσῃσι),
726 2836 874 2902 ἐλθοῦσα
897 2832 977 2920 παρ’
999 2830 1062 2899 αύ-

55 2933 116 3004 τδν
142 2923 287 3022 εύδε,“
269 2938 472 3021 υπναμένου
498 2933 534 3002 δὲ
555 2939 722 3021 καρτεράς
742 2939 803 3000 τού
824 2929 974 3018 μάγου”
953 2950 1063 3017 ηφασε
1169 2951 1173 2963 ‘

54 3062 95 3104 τα
82 3026 194 3101 ύτα.
225 3040 387 3151 μαθοῦσα
413 3035 449 3100 δὲ
472 3030 514 3100 ού
538 3039 688 3118 χαλεπως
711 3028 798 3099 ἀλλ’
814 3027 975 3106 εὐπετέως
1000 3025 1063 3096 ούκ

55 3139 174 3218 ἔχοντα
198 3127 259 3197 τὸν
284 3123 446 3217 ἀνδρα
419 3155 504 3215 οντα,
537 3127 581 3209 ὡς
605 3128 710 3216 ημέρη
737 3126 872 3214 τάχιστα
899 3126 1061 3214 ἐγεγόνεε,

54 3233 212 3315 πέμψασα
227 3227 371 3315 ἐσήμηνε
384 3234 430 3318 τῷ
444 3231 544 3312 πατρὶ
557 3225 597 3295 τά
613 3227 786 3314 γενόμενα.
825 3224 862 3294 Ὁ
877 3228 913 3293 δὲ
925 3223 1061 3313 Ὀτάνης
1076 3241 1110 3295 λο

54 3321 262 3413 παραλαβών
272 3322 481 3412 Ἀσπαθίνην
495 3328 549 3393 καί
562 3327 730 3414 Γοβρύην
743 3326 903 3412 Περσέων
917 3350 952 3391 τε
969 3326 1063 3411 πρύ-

53 3451 133 3504 τους
147 3422 263 3502 έύντας
273 3429 329 3493 καὶ
340 3429 453 3514 ἑωυτῷ
465 3428 745 3513 έπιτηδεωτάτονς
759 3430 792 3506 ές
807 3432 919 3495 πίστιν
933 3423 1061 3513 ἀπηγή-
