2354 3840
133 188 195 249 296
509 186 759 245 HERODOTI

134 366 189 432 καὶ
202 362 281 444 τόξα
297 379 460 451 μετεῖναι,
483 363 630 451 λαβόντα
650 362 688 428 δέ
710 362 851 427 ἕκαστον
870 366 933 427 τοῦ
951 363 1059 426 ἵππου
1071 358 1149 442 τὴν

134 460 274 548 μάστιγα
289 466 375 532 ἰέναι
389 456 496 531 άσσον
513 457 634 529 αὐτῶν.
654 460 749 544 μέχρι
760 456 897 545 μὲνγὰρ
910 450 1133 542 όρεονῆμέας

75 574 85 589 ’
134 559 221 628 ὅπλα
242 567 392 647 ἔχοντας,
415 566 449 628 οἱ
468 563 505 627 δέ
527 557 680 643 ἐνόμιζον
701 553 814 642 ὁμοῖοί
832 556 938 622 τεκαὶ
954 556 988 633 έξ
1008 549 1132 639 ὁμοίαν

134 655 213 743 ἡμῖν
226 656 326 724 εἶναι·
348 655 451 726 ἐπεάν
462 659 499 726 δὲ
509 660 646 725 ἴδωνται
656 653 817 740 μάστιγας
828 649 902 719 άντλ
912 650 1029 719 ὅπλων
1040 655 1132 734 έχον-

134 780 207 839 τας,
229 753 397 839 μαθόντες
427 753 473 832 οἷς
498 758 560 822 εἰσὶ
574 748 728 837 ἡμέτεροι
743 753 874 833 δοῦλοι,
895 749 951 816 καὶ
964 743 1133 832 συγγνόν-

105 861 186 926 λτες
195 859 303 940 τούτο,
312 849 375 919 ούκ
386 850 619 938 ὑπομενέουσι.
657 852 769 912 Ταῦτα
780 839 1132 922 άκούσαντεςοέΣκύ·

132 958 195 1016 θαι
216 950 350 1015 ἐποίευν
370 950 534 1018 ἐπιτελέα·
557 951 592 1014 οί
610 943 643 1012 θ’
666 945 884 1028 ἐκπλαγέντες
903 949 949 1033 τῷ
965 943 1131 1030 γινομένῳ

133 1050 190 1130 τῆς
203 1044 307 1129 μάχης
321 1073 356 1113 τε
372 1046 577 1115 ἐπελάθοντο
595 1045 651 1110 καὶ
668 1047 823 1127 ἔφευγον.
847 1039 936 1108 ούτω
951 1045 987 1108 οἱ
995 1040 1130 1108 Σκύθαι

133 1150 190 1230 τῆς
204 1169 239 1211 τε
256 1142 365 1230 Ἀσίης
383 1138 506 1232 ἦρξαν,
530 1145 585 1209 καὶ
601 1143 834 1220 ἐξελασθέντες
854 1133 949 1219 αύτις
968 1135 1038 1208 ύπό
1055 1135 1128 1222 Μή-

134 1243 202 1306 δων
217 1247 387 1324 κατῆλθον
402 1240 514 1330 τρόπῳ
530 1236 670 1326 τοιούτῳ
686 1237 719 1313 ές
735 1233 797 1322 τὴν
812 1239 986 1322 σφετέρην.
1009 1241 1081 1304 τῶν
1097 1234 1128 1300 δὲ

134 1341 261 1405 εἵνεκεν
278 1335 296 1404 ὁ
317 1349 460 1426 Δαρεῖος
478 1344 636 1406 τίσασθαι
656 1334 861 1422 βουλόμενος
880 1336 1061 1423 συνήγειρε
1079 1329 1126 1403 έσ’

134 1430 255 1511 αύτούς
272 1434 467 1521 στράτευμα.

99 1534 117 1588 ⁶
210 1527 268 1607 Ὡς
283 1533 319 1597 δὲ
330 1530 467 1600 Σκύθαι
478 1536 630 1618 λέγουσι,
646 1529 813 1598 νεούτατον
827 1526 987 1598 ἁπάντων
1001 1533 1127 1600 ἐθνέων

133 1626 217 1694 εἶναι
232 1625 269 1693 τό
291 1633 469 1716 σφέτερον,
491 1636 589 1698 τοῦτο
611 1632 648 1698 δὲ
669 1632 828 1715 γενέσθαι
846 1621 927 1696 ύθε·
950 1628 1060 1716 ἄνδρα
1074 1655 1128 1717 γε·

133 1729 252 1793 υέσθαι
267 1731 401 1809 πρῶτον
419 1729 456 1794 έν
469 1734 509 1815 τῇ
518 1733 562 1814 γῇ
572 1727 677 1814 ταύτῃ
687 1724 789 1814 ἐούσῃ
803 1726 930 1816 ἐρήμῳ,
944 1734 990 1817 τῷ
1002 1725 1128 1813 οὔνομα

133 1821 217 1891 εἶναι
234 1830 435 1910 Ταργίταον
456 1832 517 1892 τού
531 1824 568 1892 δὲ
583 1823 772 1910 Ταργιτάου
789 1824 911 1892 τούτου
924 1821 1005 1902 τούς
1016 1826 1128 1902 τοκέας

132 1922 267 2005 λέγουσι
283 1920 383 2007 εἶναι,
405 1925 476 2009 ἐμοὶ
493 1923 555 2006 μὲν
576 1919 617 1989 ού
637 1919 736 1988 πιστά
754 1924 924 2006 λέγοντες,
945 1919 1125 2007 λέγουσιά

133 2012 198 2104 ὦν,
222 2025 289 2086 Δία
310 2023 419 2086 τεκαὶ
440 2023 672 2105 Βορυσθένεος
691 2025 752 2084 τού
774 2024 926 2102 ποταμοῦ
947 2021 1126 2103 θυγατέρα.

131 2121 245 2201 γένεος
260 2118 322 2200 μὲν
338 2116 493 2184 τοιούτου
517 2116 559 2202 δή
573 2140 664 2192 τινος
680 2118 839 2201 γενέσθαι
854 2111 914 2181 τόν
932 2120 1127 2200 Ταργίταον,

131 2211 254 2280 τούτου
271 2212 308 2279 δὲ
324 2215 482 2297 γενέσθαι
497 2218 616 2292 παῖδας
632 2227 737 2300 τρεῖς,
758 2211 920 2292 Λιπόξαϊν
935 2214 991 2279 καλ
1009 2209 1128 2296 Ἀρπό-

121 2308 196 2388 ξαϊν
219 2307 274 2373 καὶ
297 2307 463 2377 νεώτατον
481 2310 657 2391 Κολάξαιν.
703 2311 758 2377 ἐπὶ
780 2308 910 2377 τούτων
933 2311 969 2377 έκ
992 2315 1054 2377 τοῦ
1073 2307 1128 2377 ού·

122 2406 230 2495 ρανού
258 2407 428 2497 φερόμενα
461 2408 586 2497 χρύσεα
615 2409 796 2498 ποιήματα,
832 2407 977 2498 άροτρόν
1010 2435 1044 2476 τε
1079 2408 1129 2476 καΙ

121 2506 222 2593 ζυγόν
246 2511 301 2575 καὶ
332 2509 472 2593 σάγαριν
494 2509 551 2575 καὶ
574 2510 714 2596 φιάλην,
745 2523 861 2579 πεσεῖν
885 2511 919 2588 ἐς
948 2506 1011 2594 τὴν
1039 2517 1126 2577 Σκυ-

125 2607 237 2693 θικήν.
262 2611 397 2675 καὶτῶν
414 2608 528 2678 ἰδόντα
548 2617 682 2695 πρῶτον
695 2609 756 2676 τὸν
772 2612 1003 2698 πρεσβύτατον
1020 2604 1124 2679 ἆσσον

126 2709 226 2790 ἰέναι,
248 2705 457 2791 βουλόμενον
472 2704 557 2775 αύτά
581 2715 712 2794 λαβεῖν,
734 2703 794 2774 τόν
811 2706 848 2773 δὲ
863 2704 991 2792 χρυσόν
1009 2706 1123 2776 ἐπιόν-

124 2825 179 2877 τος
194 2806 356 2868 καίεσθαι.
391 2799 659 2888 ἀπαλλαχθέντος
679 2804 715 2873 δὲ
730 2803 853 2871 τούτου
873 2805 1049 2889 προσιέναι
1066 2802 1123 2870 τόν

125 2896 299 2982 δεύτερον,
322 2903 376 2967 καὶ
399 2897 459 2967 τόν
480 2896 574 2980 αὖτις
596 2899 699 2969 ταύτὰ
721 2905 856 2970 ποιέειν.
888 2899 967 2980 τούς
994 2903 1058 2988 μὲν
1083 2898 1120 2987 δὴ

123 2994 303 3079 καιόμενον
324 2993 383 3067 τόν
404 2996 531 3083 χρυσόν
551 2997 769 3085 άπάσασθαι,
791 3006 888 3091 τρίτῳ
914 2999 951 3066 δὲ
971 3005 1017 3089 τῷ
1038 3022 1121 3066 νεω-
1162 3018 1165 3025 ·

122 3092 208 3180 τάτμ
223 3093 400 3163 ἐπελθόντι
421 3105 626 3185 κατασβῆναι
647 3109 705 3167 καί
717 3125 776 3185 μιν
797 3101 927 3166 ἐκεῖνον
941 3105 1077 3185 κομίσαι
1091 3099 1122 3174 ές

124 3190 267 3255 ἑαυτοῦ·
290 3191 345 3258 καὶ
359 3190 437 3272 τούς
451 3197 699 3283 πρεσβυτέρους
713 3193 898 3281 άθελφεούς
917 3194 1002 3281 πρὸς
1018 3203 1121 3263 ταῦτα

122 3282 330 3369 συγγνόνΐᾱς
350 3285 411 3375 τὴν
427 3299 604 3378 βασιληίην
618 3300 729 3360 πᾶσαν
744 3298 955 3380 παραδοῦναι
976 3299 1021 3384 τῷ
1036 3317 1120 3360 νεα-

73 3380 209 3474 στάτμ,
249 3379 330 3456 ’And
348 3387 413 3477 μὲν
436 3385 477 3479 δὴ
500 3390 680 3472 Λιποξάϊος
700 3392 873 3476 γεγονέναι
890 3387 1031 3468 τούτους
1056 3395 1122 3456 τῶν
