2354 3840
332 118 416 174 ΗΒ.
448 120 481 185 Π.
515 118 613 175 CAP.
645 125 801 180 99—104.
1011 119 1070 182 165

63 262 222 351 Ἀραβίου
247 258 375 326 κόλπου
401 257 479 337 τούς
511 257 600 343 παρά
621 256 683 345 τὴν
704 257 873 349 Ἐρυθρὴν
893 263 1070 332 θάλασσαν
1099 226 1104 236 ¹

65 358 328 441 κατοικημένους
339 360 636 444 καταστρέφεσθαι,
646 358 678 434 ές
689 354 708 422 ὃ
719 358 874 428 πλώοντά
885 387 943 446 μιν
954 360 1069 447 πρόσω

64 448 249 519 ἀπικέσθαι
274 453 306 531 ές
327 454 504 524 θάλασσαν
528 453 639 520 οὐκέτι
663 451 797 539 πλωτὴν
812 452 878 523 ὑπὸ
908 461 1067 546 βραχέων.

63 550 230 616 ἐνθεῦτεν
244 547 280 615 δὲ
302 547 346 627 ὡς
366 547 471 618 ὀπίσω
489 547 624 617 ἀπίκετο
640 551 673 627 ές
687 558 878 637 Αἴγυπτον,
904 552 987 621 κατά
1002 563 1069 623 τών

61 648 168 734 ίρέων
187 646 250 735 την
274 649 376 734 φάτιν
392 647 549 736 στρατιὴν
572 644 700 734 πολλὴν
723 648 838 736 λαβών
861 650 986 740 ἤλαυνε
1013 653 1068 722 διὰ

60 753 122 834 τῆς
138 744 298 834 ἠπείρου,
325 754 393 815 πάν
408 754 510 826 ἔθνος
528 743 565 815 τό
581 742 735 831 ἐμποδών
749 749 1067 836 καταστρεφόμενος.

62 845 188 915 ὁτέοισι
204 848 266 932 μέν
280 871 347 913 νυν
360 844 472 914 αὐτων
489 842 654 930 ἀλκίμοισι
670 845 867 931 ἐνετύγχανε
882 849 934 915 καί
952 853 1069 930 δεινώς

60 945 290 1029 γλιχομένοισι
304 946 379 1029 περὶ
398 950 456 1029 τῆς
471 946 681 1026 ἐλευθερίης,
706 942 853 1010 τούτοισι
868 944 931 1028 μὲν
949 945 1068 1033 στήλας

61 1043 177 1107 ἑνίστα
193 1041 225 1118 ές
238 1037 297 1118 τάς
312 1039 419 1128 χώρας
433 1039 488 1108 διά
500 1040 702 1126 γραμμάτων
712 1039 875 1125 λεγούσας
887 1041 927 1111 τό
937 1069 972 1109 τε
983 1046 1067 1110 ἑωυ-

60 1143 125 1204 τοῦ
143 1135 271 1223 ούνομα
294 1140 421 1224 καὶτῆς
440 1138 582 1225 πάτρης,
604 1139 658 1204 καὶ
676 1136 720 1215 ως
740 1138 863 1223 δυνάμι
884 1146 924 1227 τῇ
941 1142 1068 1206 ἑωυτοῦ

61 1233 309 1320 κατεστρέψατό
333 1255 452 1321 σφεας·
485 1233 589 1302 ὁτέων
610 1235 646 1302 δὲ
671 1232 809 1320 άμαχητί
830 1238 885 1304 καὶ
906 1233 1068 1314 εὐπετέως

61 1334 233 1419 παρέλαβε
249 1330 308 1412 τὰς
322 1333 434 1418 πόλις,
450 1333 597 1399 τούτοισι
612 1332 648 1399 δὲ
665 1333 827 1418 ἐνέγραφε
845 1334 882 1399 έν
896 1340 970 1421 τῇσι
988 1333 1067 1418 σπη’-

62 1440 141 1519 λησι
157 1428 241 1498 κατά
255 1429 358 1500 ταύτά
375 1435 428 1499 καὶ
442 1446 526 1500 τοῖσι
542 1428 728 1517 άνδρηίοισι
742 1437 809 1498 τών
825 1433 955 1500 ἐθνέων
968 1458 1072 1519 γενο··

62 1530 212 1614 μένοισι,
227 1531 282 1596 καὶ
296 1528 337 1616 δὴ
352 1532 407 1598 καί
418 1533 527 1598 αἰδοῖα
537 1526 698 1616 γυναικός
707 1534 969 1618 προσενέγραφε,
983 1535 1066 1617 δῆλα

62 1627 271 1714 βουλόμενος
290 1632 434 1714 ποιέειν,
458 1627 501 1706 ὡς
527 1638 642 1715 είησαν
667 1625 849 1708 ἀνάλκιδες.
898 1631 1065 1698 Ταῦταδὲ
1084 1642 1134 1696 10³

62 1727 189 1793 ποιέων
204 1725 324 1814 διεξήιε
340 1724 402 1813 τὴν
420 1724 576 1813 ἤπειρον,
605 1728 637 1803 ές
659 1723 727 1792 όέκ
747 1732 804 1812 τῆς
825 1725 933 1813 Ἀοίης
953 1732 985 1806 ἐς
1005 1726 1067 1813 τὴν
1150 1784 1153 1789 .

64 1821 236 1908 Εὐρώπην
261 1821 379 1911 διαβάς
403 1826 482 1902 τούς
512 1849 547 1890 τε
572 1822 714 1900 Σκύθας
740 1828 980 1912 κατεστρέψατο
1012 1827 1065 1890 καὶ

63 1920 144 2000 τούς
159 1919 313 2008 Θρήικας.
349 1924 382 2001 ές
397 1921 537 1999 τούτους
559 1924 598 1988 δέ
608 1944 664 2005 μοι
680 1921 787 1986 δοκέει
802 1924 856 1989 καὶ
871 1919 1065 2008 προσώτατα

63 2020 245 2090 ἀπικέσθαι
261 2015 279 2087 ὁ
297 2018 481 2104 Αἰγύπτιος
496 2019 642 2106 στρατός.
676 2020 713 2085 έν
727 2021 789 2102 μὲν
803 2015 867 2106 γὰρ
881 2027 920 2107 τῇ
935 2020 1065 2086 τούτων

62 2119 156 2208 χώρη
174 2122 349 2203 φαίνονται
366 2125 537 2184 σταθεῖσαι
554 2121 590 2183 αἱ
608 2121 739 2201 στῆλαι,
760 2113 798 2183 τό
815 2116 850 2183 δὲ
865 2119 1064 2202 προσωτέρω

62 2216 194 2285 τούτων
209 2210 328 2282 οὐκέτι.
360 2216 520 2282 ἐνθεῦτεν
534 2215 571 2280 δὲ
592 2214 788 2299 ἐπιστρέψας
802 2210 907 2280 ὀπίσω
920 2211 988 2302 ἤϊε,
1011 2217 1064 2280 καί

63 2317 174 2381 ἐπείτε
201 2310 329 2395 ἐγένετο
344 2311 396 2378 έπδ
410 2308 499 2376 Φάσι
519 2315 673 2398 ποταμῷ,
697 2305 759 2375 οὐκ
775 2314 836 2392 ἒχω
850 2309 887 2376 τό
903 2313 1064 2377 ἐνθεῦτεν

62 2406 226 2493 ἀτρεκέως
241 2410 361 2491 εἰπεῖν,
384 2413 448 2474 είτε
459 2401 559 2482 αὐτὸς
575 2403 592 2471 ὁ
607 2401 765 2490 βασιλεύς
776 2407 964 2493 Σέσωστρις
979 2402 1064 2474 άπο-

61 2501 251 2588 δασάμενος
266 2508 323 2588 τῆς
347 2503 475 2569 ἑωυτοῦ
497 2508 648 2588 στρατιῆς
672 2500 792 2588 μόριον
814 2499 936 2591 ὁσονδὴ
959 2503 1063 2573 αὐτοῦ
1162 2560 1165 2564 ,

61 2605 217 2672 κατέλιπε
230 2608 287 2688 τῆς
300 2600 409 2687 χώρης
423 2601 614 2687 οἰκήτορας,
636 2608 700 2666 είτε
717 2606 784 2666 τών
803 2602 891 2680 τινὲς
904 2622 1065 2691 στρατιω-

60 2702 147 2771 τέων
162 2704 201 2787 τῇ
216 2698 326 2786 πλάνη
343 2692 447 2764 αὐτοῦ
463 2693 685 2782 άχθεσθέντες
701 2698 775 2782 περὶ
792 2705 901 2765 Φᾶσιν
914 2696 1064 2783 ποταμὸν

61 2803 270 2887 κατέμειναν,
312 2802 495 2864 Φαίνονται
513 2799 574 2881 μὲν
595 2795 659 2883 γάρ
677 2795 787 2873 ἐόντες
808 2802 841 2864 σι’
859 2795 983 2881 Κόλχοι
1000 2801 1064 2863 At-
1082 2812 1131 2866 104

60 2897 213 2984 γύπτιοι·
245 2893 369 2981 νοήσας
389 2893 425 2959 δὲ
449 2892 614 2981 πρότερον
634 2889 771 2980 αύτόςῆ
791 2891 937 2972 ἀκούσας
952 2892 1063 2962 άλλων

60 2997 157 3081 λέγω.
193 2988 237 3069 ὡς
253 2993 292 3058 δέ
303 3014 360 3076 μοι
375 2992 412 3057 έν
426 2994 579 3077 φροντίδι
595 2994 742 3077 ἐγένετο,
765 2990 903 3078 εἰρόμην
917 2989 1063 3079 άμφοτέ-

60 3117 160 3178 ρους,
183 3090 239 3156 καὶ
255 3093 383 3174 μᾶλλον
404 3093 438 3155 οἱ
450 3085 573 3174 Κόλχοι
594 3090 772 3174 ἐμεμνέατο
787 3095 855 3155 τών
868 3095 1063 3175 Αἰγυπτίων

59 3186 82 3277 ἦ
95 3193 130 3258 οί
141 3185 321 3273 Αἰγύπτιοι
336 3190 404 3253 τῶν
418 3183 567 3270 Κόλχων.
600 3192 746 3273 νομίζειν
762 3182 793 3252 δ’
812 3191 941 3272 ἔφασαν
954 3185 1062 3273 Αίγύ-

59 3309 149 3355 πτιοι
180 3290 238 3370 τῆς
262 3280 472 3368 Σεσώστριος
497 3289 649 3370 στρατιῆς
675 3281 758 3350 εἶναι
792 3281 871 3363 τούς
897 3284 1061 3368 Κόλχους·
