2354 3840
241 256 325 313 ιιο.
359 256 378 310 ι.
415 254 511 311 οΑΡ.
550 252 723 309 153-157.
948 245 989 308 ⁸3

42 437 79 479 ιν
96 414 221 479 ἐοῦσαν
235 413 372 478 καὶτῶν
386 408 553 498 πρότερον
568 413 623 478 καὶ
638 417 705 477 τόν
720 418 786 479 νῦν
802 408 987 479 ἑστεώτων·

42 511 106 595 μὲν
127 506 193 596 γάρ
214 507 380 595 πρότερον
400 505 466 592 ἐγύ
479 533 515 576 τε
530 511 671 595 ἔπρηξα,
692 510 747 576 καὶ
772 504 836 594 ἐγώ
859 511 989 594 κεφαλῇ

42 607 154 695 μάξας
175 606 283 693 φέρω·
316 603 357 672 τά
381 605 417 672 δὲ
439 611 506 671 νῦν
533 603 718 691 παρεόντα,
744 602 902 687 Πακτύης
923 599 988 688 γάρ

62 701 263 788 ὁάδικέωυ,
285 707 332 792 τῷ
354 698 397 768 σύ
422 702 602 788 ἐπέτρεψας
622 701 767 789 Σάρδις,
789 692 886 778 οὗτος
902 697 988 767 δότω

42 807 156 887 δίκην.
200 803 342 868 Λυδοῖσι
363 798 399 866 δὲ
422 798 628 885 συγγνώμην
650 805 735 886 ἔχων
755 799 834 868 τάδε
858 795 989 865 αὑτοῖσι

42 903 153 984 εαξου,
183 894 227 976 ὡς
252 895 334 986 μήτε
358 895 543 966 ἀποστέωσι
573 897 655 985 μήτε
681 903 789 968 δεινοί
814 924 864 967 τοι
893 904 989 966 ἔωσι·

42 1021 100 1064 ιπε
115 995 178 1081 μέν
193 1014 252 1081 σφι
264 996 395 1081 πέμψας
406 990 493 1061 ὅπλα
503 990 603 1080 ἀρήῖα
613 993 657 1080 μὴ
667 997 860 1079 κεκτῆσθαι,
872 997 989 1065 κέλευε

42 1114 142 1179 σφεας
162 1091 314 1170 κιθῶνάς
336 1118 371 1159 τε
395 1089 584 1159 ὑποδύνειν
604 1108 690 1162 τοῖσι
713 1098 820 1181 εἵμασι
850 1096 905 1163 καί
927 1119 987 1161 κο-

42 1215 132 1268 ινους
147 1187 368 1275 ὑποδέεσθαι,
392 1188 533 1278 πρόειπε
551 1188 583 1256 δ’
607 1187 737 1260 αὑτοῖσι
753 1199 938 1279 κιθαρίζειν
951 1218 988 1258 τε

48 1288 193 1371 ψάλλειν
210 1291 265 1356 καί
280 1288 484 1375 καπηλεύειν
499 1291 675 1358 παιδεύειν
684 1290 765 1372 τούς
779 1297 908 1376 παῖδας.
931 1295 987 1358 καὶ

42 1394 102 1468 ἕως
117 1391 230 1475 σφέας,
248 1380 446 1476 ἀβασιλεύ,
470 1404 632 1475 γυναῖκας
647 1388 717 1460 ἀντ’
735 1390 871 1477 ἀνδρῶν
889 1390 986 1473 ὄψεαι

42 1489 172 1574 ονότας,
190 1485 273 1554 ὥστε
285 1485 386 1555 ούδέν
397 1491 507 1556 δεινοί
513 1514 564 1556 τοι
576 1495 718 1578 ἔσονται,
734 1490 778 1579 μη
790 1489 984 1560 ἀποστέωσι.

42 1605 126 1667 ιῖσος
141 1589 202 1674 μὲν
218 1584 259 1674 δὴ
273 1587 378 1654 ταῦτά
392 1591 426 1655 οί
439 1585 636 1676 ὑπετίθετο,
660 1591 861 1678 αἱρετώτερα
883 1598 988 1659 ταύτα
998 1617 1050 1675 15η

42 1697 149 1757 ίσκωυ
159 1691 299 1754 Λυδοῖσι
310 1682 332 1772 ἢ
343 1683 676 1772 ἀνδραποδισθέντας
687 1690 864 1777 πρηθῆναί
873 1711 986 1776 σφεας,

42 1788 216 1873 ττάμευος,
234 1783 285 1853 ότι
308 1781 352 1870 ἢν
363 1784 407 1872 μὴ
424 1784 606 1873 ἀξιόχρεων
627 1786 800 1874 πρόφασιν
817 1795 986 1876 προτείυη,

64 1882 240 1952 ’ἀναπείσει
268 1909 326 1968 μιν
353 1885 705 1971 μεταβουλεύσασθαι,
724 1878 914 1968 ἀρρωδέων
939 1885 986 1970 δὲ,

42 1987 96 2053 καὶ
113 1981 257 2070 ύστερόν
272 2008 348 2050 κοτε
363 1986 397 2049 οί
409 1985 532 2068 Λυδοὶ,
554 1977 598 2068 ἢν
619 1978 656 2047 τό
673 1979 801 2068 παρεόν
816 1978 988 2064 ὑπεκδρά-

42 2106 77 2170 n,
97 2080 300 2160 ἀποστάντες
317 2079 381 2149 ἀπό
397 2088 465 2148 τῶν
476 2083 635 2167 Περσέων
651 2076 850 2147 ἀπόλωνται.
874 2087 988 2165 Κύρος

42 2185 146 2271 ’γσθελς
160 2191 200 2272 τῇ
221 2180 383 2270 ὑποθήκη
405 2184 460 2249 καὶ
478 2178 573 2259 ὑπεὶς
596 2187 654 2265 τῆς
669 2175 772 2266 όργης
789 2185 853 2265 ἐφη
870 2184 903 2246 οἱ
915 2185 989 2245 πεί-

42 2295 116 2352 ’θαι
156 2283 344 2359 καλέσαςδέ
365 2282 526 2367 Μαζάρεα
548 2280 656 2364 ἀνδρα
674 2284 815 2367 Μῆδον,
835 2280 941 2347 ταῦτά
957 2284 991 2347 οδ

42 2390 164 2450 τείλατο
180 2395 352 2469 προειπεῖν
366 2385 526 2465 Λυδοῖσι,
548 2378 588 2446 τά
605 2378 622 2446 ὁ
641 2387 787 2462 Κροῖσος
797 2378 987 2464 ὑπετίθετο,

61 2481 147 2567 πρός
172 2483 519 2564 ἐξανδραποδίσασθαι
544 2479 624 2557 τούς
645 2477 767 2557 ἀλλους
787 2481 931 2566 πάντας,
956 2487 990 2546 οἳ

42 2576 61 2646 ἀ
77 2582 200 2646 Λυδῶν
218 2581 272 2645 ἐπὶ
285 2580 414 2665 Σάρδις
429 2578 711 2666 ἐστρατεύσαντο,
727 2577 844 2647 ,αὐτόν
862 2581 898 2647 δέ
913 2586 987 2647 Πα·

43 2705 87 2765 ην
102 2677 236 2755 πάντως
252 2677 377 2757 ζάουτα
395 2675 533 2764 ἀγαγεῖν
547 2674 622 2760 παρ’
640 2676 776 2744 ἑωυτόν.
815 2676 852 2744 Ὁ
870 2681 931 2763 μὲν
946 2674 987 2763 δὴ
1001 2671 1052 2750 Ιόῖ

43 2804 84 2845 τα
109 2779 146 2844 ἐκ
167 2784 225 2862 τῆς
247 2774 331 2844 ὁδοῦ
356 2778 588 2863 ἐντειλάμενος
603 2775 779 2864 ἀπήλαυνε
796 2781 829 2856 ἐς
842 2777 931 2864 ἤθεα
947 2776 988 2846 τά

42 2882 156 2964 ισέων,
178 2878 343 2963 ΠακτύηςΙ
358 2880 394 2944 δὲ
409 2878 605 2963 πυθόμενος
622 2876 727 2963 ἀγχοῦ
745 2876 831 2944 εἶναι
846 2875 990 2964 στρατόν

46 2978 175 3046 ἑωυτόν
190 2978 296 3065 ίόντα,
313 2983 424 3056 δείσας
439 2977 539 3069 ᾆύχετο
556 2979 695 3064 φεύγων
710 2982 742 3056 ἐς
753 2979 885 3064 Κύμην.
908 2985 991 3046 Μα-

42 3106 80 3165 ης
105 3079 142 3145 δὲ
166 3074 321 3163 ὁΜῆδος
342 3078 462 3156 ἐλάσας
488 3081 540 3145 ἐπὶ
560 3075 619 3156 τάς
636 3076 765 3162 Σάρδις
788 3083 849 3154 τοῦ
869 3076 990 3161 Κύρου

42 3183 124 3244 ατοῦ
137 3191 260 3263 μοῖραν
271 3175 356 3262 ὅσην
371 3176 502 3262 δήποτε
515 3183 610 3263 ἔχων,
625 3172 670 3252 ιὺς
685 3169 747 3240 οὑκ
763 3164 841 3258 εὑρε
853 3179 901 3242 ἐτι
912 3174 990 3241 ἐόν-

50 3272 132 3351 τοὺς
147 3269 400 3360 ἀμφδΠακτύηυ
411 3277 448 3341 ἐν
459 3272 615 3360 Σάρδισι,
632 3279 748 3359 πρῶτα
758 3271 906 3359 μέντούς
918 3280 991 3341 Λυ-

42 3401 61 3453 ς
74 3369 246 3461 ἠνάγκασε
262 3369 321 3451 τάς
336 3373 458 3460 Κύρου
480 3370 617 3451 ἐντολάς
639 3373 836 3438 ἐπιτελέειν·
859 3372 895 3437 ἐκ
910 3370 990 3437 τού·

54 3471 92 3540 δέ
102 3471 373 3558 κελευσμοσύνης
383 3476 491 3540 Λυδοὶ
501 3469 563 3558 τὴν
578 3478 691 3538 πᾶσαν
703 3475 900 3620 δίαιταμμῆς
915 3467 991 3552 ζόης
