2354 3840
233 199 317 255 ιιε.
345 164 377 254 ιι.
412 200 510 257 w.
546 204 717 258 ιιε-ιεε,
913 194 971 260 181

71 358 263 435 ἐπιλοίπους
283 361 403 433 λδθους
422 361 587 443 μηχανῇσι
611 356 720 434 ξύλων
743 353 893 442 βραχέων
913 378 974 423 πε-

42 459 169 543 γμένησι
207 460 362 541 χαμάθεν
381 455 444 540 μὲν
464 455 516 522 ἐπὶ
536 450 596 521 τόν
611 459 744 540 πρῶτον
759 468 890 540 στοίχον
906 461 974 522 τῶν

42 561 180 639 λαθμιιν
192 551 376 641 ἀείροντες·
399 552 486 633 ὅκως
496 553 532 620 δὲ
544 551 632 621 ἀνίοι
648 549 774 633 ὁλάθος
788 550 840 621 ἐπ’
858 549 973 641 αὐτόν,

42 654 139 737 τέρην
163 649 314 738 μηχανήν
340 653 468 719 ἐτίθετο
490 656 653 718 ἑστεῶσαν
680 652 733 718 ἐπί
753 657 813 719 τοῦ
838 651 974 738 πράτου

42 773 120 834 χου,
143 745 208 816 ἀπό
225 749 348 816 τούτου
369 751 406 816 δὲ
420 751 473 818 ἐπὶ
493 745 553 816 τόν
568 749 726 835 δεύτερον
742 749 867 816 εἵλκετο
882 763 973 816 στοῖ-

51 843 104 912 ἐπ’
122 845 223 931 ἄλλης
240 854 401 933 μηχανῆς·
425 844 498 913 όσοι
512 842 577 932 γάρ
599 842 639 930 δή
661 859 784 931 στοῖχοι
804 837 891 934 ἦσαν
905 853 973 912 τῶν

42 951 197 1029 θαθμῶν,
218 951 376 1012 τοσαῦται
400 946 456 1011 καί
480 947 517 1010 αλ
536 946 680 1031 μηχαναὶ
699 935 804 1032 ἦσαν,
833 954 897 1012 είτε
918 946 974 1012 καί

42 1040 150 1128 αὐτήν
161 1040 312 1130 μηχανήν
324 1046 446 1110 ἐοῦσαν
453 1049 534 1128 μίαν
544 1067 579 1109 τε
590 1044 645 1109 καί
657 1040 883 1131 εὐβάστακτον
893 1069 973 1129 μετ-

42 1165 114 1224 Ιιεου
131 1141 183 1206 ἐπὶ
194 1154 325 1225 στοῖχον
339 1142 495 1224 ἕκαστον,
520 1137 606 1216 όκιος
620 1137 680 1205 τόν
697 1147 798 1208 λίθον
812 1144 971 1221 ἐξέλοιεν·

42 1238 115 1321 ’χθω
124 1231 190 1319 γάρ
201 1232 281 1321 ἡμῖν
296 1233 349 1304 ἐπ’
367 1234 554 1322 ἀμφότερα,
571 1235 721 1320 κατάπερ
739 1240 877 1322 λέγεται.
903 1242 972 1320 ἐξε-

42 1331 96 1417 ίθη
119 1329 151 1397 δ’
179 1325 228 1399 άυ
250 1331 290 1400 τά
317 1331 468 1400 ἀνώτατα
492 1328 594 1418 αὐτῆς
614 1339 743 1418 πρῶτα,
765 1331 846 1420 μετά
874 1334 971 1404 δὲτὰ

42 1457 108 1497 ,ενα
129 1431 258 1499 τούτων
279 1435 465 1517 ἐξεποίευν,
486 1437 656 1497 τελευταία
674 1430 710 1498 δὲ
725 1429 828 1519 αὐτῆς
841 1429 881 1500 τά
898 1436 971 1503 ἐπί-

42 1530 119 1595 εκαί
138 1526 177 1594 τά
202 1530 378 1597 κατωτάτω
400 1532 602 1613 ἐξεποίησαν.
636 1526 841 1615 σεσήμανται
862 1531 898 1597 δὲ
916 1529 971 1598 διά
1052 1572 1060 1581 -

42 1627 170 1714 ιμάτων
184 1635 378 1715 Αἰγυπτίων
400 1632 437 1696 ἐν
458 1634 498 1717 τῇ
515 1632 677 1715 πυραμίδι
698 1626 761 1696 ὅσα
782 1633 815 1707 ἐς
834 1656 870 1696 τε
887 1651 972 1719 συρ-

42 1753 69 1807 γυ
86 1728 141 1793 καί
155 1725 311 1812 κρόμμυα
322 1729 375 1794 καί
388 1725 534 1812 σκόροδα
545 1723 758 1812 ἀναισιμώθη
774 1741 859 1794 τοίσι
870 1730 970 1814 ἐργα-

42 1825 148 1890 ’νοισι-
170 1827 224 1890 καὶ
242 1821 286 1903 ὡς
302 1823 358 1910 ἐμὲ
380 1818 419 1892 εὖ
433 1831 623 1910 μεμνῆσθαι
640 1821 680 1890 τά
703 1821 720 1891 ὁ
737 1824 900 1912 ἑρμηνεύς
912 1851 971 1912 μοι

42 1920 199 2007 εγόμενος
212 1920 253 1991 τά
268 1925 444 2011 γράμματα
460 1927 541 2008 ἐφη,
564 1922 717 2001 ἑξακόσια
734 1927 789 1991 καί
809 1931 896 2011 χίλια
909 1951 970 1993 τα-

42 2048 69 2087 ῑα
95 2017 260 2107 ἀργυρίου
286 2023 485 2090 τετελέσθαι.
528 2026 558 2088 εἰ
581 2018 612 2086 δ’
641 2025 709 2087 ἐστι
736 2020 825 2089 οὕτω
852 2028 969 2108 ἔχοντα

42 2144 85 2202 ια,
107 2118 191 2186 κόσα
206 2117 297 2198 οἰκός
312 2118 395 2188 ἀλλα
418 2122 673 2204 δεδαπανήσθαί
691 2122 759 2187 ἐστι
774 2126 807 2200 ἐς
820 2148 856 2189 τε
874 2127 969 2209 σίδη·

42 2269 44 2291 ,
68 2222 114 2306 τῷ
129 2216 322 2305 ἐργάζοντο,
345 2221 400 2286 καὶ
418 2224 504 2285 σιτία
519 2218 574 2285 καὶ
589 2220 714 2304 ἐσθήτα
730 2233 816 2288 τοῖσι
833 2225 968 2309 ἐργαζο·

42 2333 111 2394 ισις
134 2310 230 2383 ὁκότε
244 2315 369 2401 χρόνον
378 2317 441 2402 μὲν
452 2314 649 2400 οἰκοδόμεον
658 2313 698 2383 τά
711 2322 792 2404 ἔργα
806 2315 866 2385 τόν
878 2323 969 2405 εἰρη-

42 2438 85 2498 ιν,
107 2410 211 2481 ἀλλον
237 2417 289 2501 δὲ,
313 2413 357 2494 ὡς
378 2412 442 2501 ἐγά
470 2416 593 2500 δοκέω,
620 2417 656 2481 ἐν
678 2422 724 2506 τῷ
748 2415 826 2494 τούς
849 2423 969 2496 λίθους

42 2534 108 2575 ,νον
132 2514 187 2578 καί
206 2505 292 2598 ήγον
313 2518 367 2583 καὶ
390 2511 427 2581 τό
453 2510 520 2580 ὑπό
541 2519 606 2598 γῆν
627 2511 758 2600 ὄρυγμα
780 2515 967 2604 ἐργάζοντο,

42 2605 157 2692 ὀλίγον
171 2609 304 2695 χρόνον.
345 2609 396 2691 Ἐς
409 2611 557 2678 τοῦτοδὲ
573 2611 687 2678 ἐλθεῖν
698 2615 811 2680 Χέοπα
827 2617 971 2701 κακότη·
986 2635 1037 2691 m

42 2703 119 2772 ὅστε
132 2708 310 2792 χρημάτων
326 2708 487 2794 δεόμενον
501 2704 563 2793 τήν
578 2711 750 2794 θυγατέρα
763 2707 826 2797 τήν
841 2715 968 2780 ἑαυτοῦ

42 2822 143 2868 σαντα
165 2800 216 2869 ἐπ’
235 2805 413 2891 οἰκήματος
431 2805 612 2891 προστάξαι
634 2804 844 2892 πρήσσεσθαι
861 2806 968 2895 ἀργό-

57 2901 223 2988 ὁκοσουδή
248 2919 296 2968 τι’
323 2900 364 2968 οὐ
391 2900 456 2990 γάρ
483 2899 525 2988 δή
552 2902 655 2970 τοῦτό
680 2929 719 2987 γε
745 2907 878 2987 ἐλεγον·
903 2901 965 2989 τήν

42 3003 58 3072 ά
81 3030 117 3072 τε
139 2999 208 3070 ἀπό
232 3006 293 3070 τοῦ
311 2999 436 3090 πατρός
460 3003 625 3089 ταχθέντα
642 3000 869 3090 πρήσσεσθαι,
895 3006 965 3092 ἰδίη

42 3105 85 3171 ταὶ
121 3098 228 3189 αὐτήν
264 3106 485 3190 διανοηθῆναι
518 3101 683 3189 μνημήιον
716 3103 965 3190 καταλιπέσθαι,

42 3209 100 3272 τοῦ
125 3202 269 3282 ἐσιόντος
295 3202 380 3292 πρὸς
404 3200 510 3290 αότήν
537 3199 677 3271 ἑκάστου
704 3201 856 3286 δέεσθαι,
880 3200 966 3285 ὅκως

42 3303 105 3393 ἀπή
125 3307 185 3373 ἕνα
203 3309 303 3372 λίθον
321 3305 488 3392 δωρέοιτο.
516 3304 551 3371 ἐκ
569 3302 699 3371 τούτων
718 3302 755 3372 δὲ
771 3308 839 3371 τῶν
857 3310 966 3372 λίθοιν

42 3427 89 3474 ἀα
117 3402 179 3492 τήν
214 3409 387 3495 πυραμίδα
417 3407 679 3492 οἰκοδομηθῆναι
708 3401 770 3490 τήν
804 3405 841 3472 ἐν
873 3405 965 3495 μέσρε

894 3528 1044 3653 Ι,ιιιιι
