2354 3840
342 205 427 261 LIB.
462 206 484 262 1.
517 203 614 262 CAP.
648 208 787 264 19-24.
1030 201 1067 264 ll

66 370 222 453 Αθηναίη
233 361 432 448 οἰκοδόμησε
446 360 464 430 ὁ
478 359 657 450 Ἀλυάττης
673 364 711 430 ἐν
729 368 770 450 τῇ
781 358 946 454 Ἀσσησῷ,
967 360 1069 442 αύτός

64 490 98 530 τε
116 466 152 530 ἐκ
167 468 224 547 τῆς
238 460 367 528 νούσου
380 457 512 546 ἀνέστη.
535 458 618 529 κατὰ
633 462 696 548 μὲν
708 458 770 528 τόν
783 460 867 548 πρὸς
877 469 1068 549 Μιλησίους

63 587 98 627 τε
116 562 171 627 καλ
186 557 430 645 Θρασύβουλον
445 559 594 645 πόλεμον
604 557 766 648 Ἀλυάττη
781 551 846 628 ὦδε
860 566 943 648 ἔσχε.

146 662 355 745 Περίανδρος
369 661 405 726 δὲ
418 651 463 746 ἦν
476 664 637 740 Κυψέλου
652 675 748 746 παῖς,
764 653 864 740 οὗτος
880 660 899 730 ὁ
913 669 960 753 τῷ
975 672 1067 750 Θρα-
1078 681 1113 734 λθ

60 758 221 848 συβούλφ
235 752 273 824 τό
288 759 489 846 χρηστήριον
506 759 665 846 μηνύσας.
695 759 898 846 ἐτυράννευε
912 761 949 828 δὲ
966 759 1068 829 ‹511⁸-

63 865 222 947 ρίανδρος
237 866 430 945 Κορίνθου·
459 867 505 950 τῷ
526 857 566 948 δη
583 864 719 945 λέγουσι
732 866 914 946 Κορίνθιοι
929 856 1068 947 (όμολο-

63 963 180 1045 γεόυσι
191 961 230 1024 δέ
241 977 301 1042 σφι
312 962 464 1046 Λέσβιοι)
480 962 517 1027 ἐν
527 966 573 1049 τῷ
584 966 646 1050 βίφ
668 966 770 1047 θαῖμα
792 961 947 1045 μόνωτον
957 983 1068 1047 παρα·
1098 955 1101 961 ’

61 1062 199 1141 στῆναι,
220 1051 353 1139 Ἀρίονα
373 1053 434 1122 τόν
450 1064 684 1143 Μηθυμναῖον
705 1059 758 1125 ἐπὶ
775 1060 932 1142 δελφῖνος
945 1061 1067 1138 ἐξενει-

62 1156 186 1239 χθέντα
198 1152 250 1218 ἐπί
265 1158 443 1240 Ταίναρον,
458 1153 556 1221 ἐόντα
568 1152 764 1246 κιθαρφδδν
777 1162 845 1223 τῶν
855 1155 930 1224 τότε
940 1157 1066 1225 ἐόντων

60 1249 204 1329 ούδενδς
219 1249 395 1337 δεύτερον,
419 1254 475 1320 καὶ
490 1253 706 1339 διθύραμβον
720 1259 854 1339 πρῶτον
871 1250 1066 1339 άνθροόπων

61 1355 131 1415 τῶν
157 1343 251 1434 ἡμεῖς
275 1352 372 1434 ίδμεν
396 1349 584 1435 ποιήσαντά
608 1376 644 1417 τε
669 1351 724 1417 καὶ
749 1348 983 1436 ούνυμάσαυτα
1010 1353 1066 1418 καί

61 1444 243 1525 διδάξαντα
263 1447 300 1512 ἐν
320 1453 489 1538 Κορίνθῳ.
529 1454 651 1515 τούτου
679 1446 740 1516 τδν
758 1447 891 1534 Ἀρίονα
917 1454 1063 1536 λέγουσι,
1073 1467 1107 1522 θλ

61 1546 123 1615 τόν
138 1542 264 1615 πολλόν
285 1553 346 1613 τοῦ
361 1548 488 1632 χρόνου
511 1552 725 1635 διατρίβοντα
748 1547 838 1635 παρὰ
852 1549 1063 1637 Περιάνδρῳ,

61 1651 269 1731 ἐπιθυμῆσαι
286 1653 415 1715 πλῶσαι
438 1650 471 1726 ἐς
488 1644 628 1731 Ἰταλίην
641 1672 678 1713 τε
694 1649 749 1714 καὶ
765 1653 942 1732 Σικελίην,
964 1648 1065 1730 ἐργα-

59 1745 212 1830 σάμενον
228 1743 264 1809 δὲ
284 1743 433 1831 χρήματα
447 1745 575 1831 μεγάλα
593 1747 750 1830 ἐθελῆσαι
767 1743 872 1813 ὀπίσω
887 1749 920 1824 ἐς
936 1745 1064 1830 Κόριν-

61 1857 131 1913 θον
151 1840 340 1910 άπικέσθαι.
371 1841 541 1929 ὁρμᾶσθαι
564 1846 627 1929 μέν
650 1869 716 1910 νυν
737 1845 774 1910 ἐκ
798 1843 985 1931 Τάραντος,
1006 1865 1064 1908 πι-

64 1942 224 2011 στεύοντα
241 1943 277 2010 δὲ
292 1939 467 2028 ούδαμοῖσι
482 1948 610 2027 μᾶλλον
624 1936 647 2026 ἢ
661 1946 876 2025 Κορινθίοισι
889 1939 1064 2026 μισθώσα-

62 2054 148 2112 σθαι
157 2049 274 2110 πλοῖον
285 2038 421 2127 ἀνδρῶν
435 2047 648 2125 Κορινθίων·
671 2035 751 2117 τούς
764 2039 801 2105 δὲ
816 2041 852 2105 ἐν
865 2045 911 2127 τῷ
928 2037 1064 2123 πελάγει

63 2139 296 2228 ἐπιβουλεύειν
308 2137 369 2206 τδν
378 2138 512 2225 Ἀρίονα
527 2136 729 2224 ἐκβαλόντας
746 2141 833 2222 ἐχειν
847 2132 887 2203 τά
897 2134 1063 2223 χρήματα·

59 2238 124 2308 τόν
149 2241 184 2305 δὲ
215 2247 358 2305 συνέντα
389 2244 488 2305 τοῦτο
513 2244 707 2322 λίσσεσθαι,
741 2235 890 2323 χρήματα
903 2236 966 2321 μέν
975 2246 1066 2316 προί-

62 2341 144 2404 έυτα
163 2354 237 2423 σφι,
255 2334 367 2423 ψυχὴν
382 2337 418 2402 δὲ
432 2335 707 2420 παραιτεόμενον.
733 2330 796 2401 ούκ
811 2325 861 2400 όν
874 2331 914 2420 δη
931 2339 1064 2401 πείθειν

61 2431 169 2502 αύτδν
182 2434 347 2519 τούτοισι,
369 2431 453 2502 άλλά
469 2433 622 2501 κελεύειν
642 2428 722 2510 τούς
735 2433 908 2516 πορθμέας
921 2424 944 2516 ἦ
959 2426 1064 2496 αύτδν

62 2535 268 2616 διαχρᾶσθαί
286 2557 360 2617 μιν,
383 2527 428 2609 ὡς
451 2526 496 2597 άν
514 2537 624 2616 ταφῆς
645 2531 682 2596 ἐν
703 2535 745 2616 γῇ
759 2528 858 2615 τύχη,
880 2523 1064 2614 ἢέκπηδάν

61 2633 96 2707 ἐς
115 2623 177 2713 την
198 2625 376 2693 θάλασσαν
395 2624 458 2713 τὴν
481 2633 646 2712 ταχίστην.
690 2625 913 2712 ἀπειληθέντα
942 2628 978 2694 δὲ
1004 2623 1065 2694 τὸν

57 2726 192 2812 Ἀρίονα
216 2728 249 2803 ἐς
269 2723 415 2812 άπορίην
434 2725 724 2812 παραιτήσασθαι,
750 2724 864 2811 ἐπειδή
887 2743 948 2809 σφι
975 2720 1066 2791 ούτω

61 2827 190 2909 δοκέοι,
218 2828 381 2908 περιιδεῖν
403 2821 509 2892 αύτόν
529 2827 566 2892 ἐν
586 2830 626 2911 τῇ
647 2829 751 2910 σκευῇ
771 2821 862 2910 πόση
882 2820 1006 2889 στάντα
1027 2822 1064 2888 ἐν

60 2939 147 2991 τοῖσι
163 2922 328 2990 ἑδωλίοισι
342 2920 466 2992 άεῖσαι·
483 2922 595 3000 άείσας
607 2925 643 2989 δὲ
654 2919 832 2988 ὑπεδέκετο
844 2917 970 2987 ἑωυτόν
984 2944 1066 2987 κατ-

61 3024 276 3110 εργάσεσθαι.
311 3026 367 3092 καὶ
398 3038 483 3092 τοῖσι
507 3026 659 3091 ἐσελθεῖν
680 3017 746 3109 γάρ
771 3015 900 3106 ἡδονὴν
940 3023 970 3086 εί
985 3019 1066 3103 μίλ-

60 3133 155 3193 λοιεν
169 3120 453 3192 άκούσεσθαιπου·
470 3119 610 3209 άρίστου
627 3117 822 3205 ἀνθρώπων
836 3113 965 3200 άοιδού,
981 3110 1065 3183 άνα-

60 3228 209 3309 χωρῆσαι
226 3223 262 3288 ἐκ
277 3227 335 3306 τῆς
350 3221 506 3308 πρύμνης
520 3222 554 3298 ἐς
575 3220 680 3304 μέσην
693 3219 762 3284 νέα.
793 3211 856 3282 τδν
871 3214 907 3280 δὲ
922 3211 1065 3285 ἐνδύντα

60 3347 99 3389 τε
112 3327 223 3387 πᾶσαν
237 3316 299 3405 τὴν
313 3317 439 3407 σκευὴν
455 3324 510 3388 καὶ
524 3320 671 3407 λαβόντα
685 3315 748 3406 την
764 3315 923 3401 κιθάρην,
941 3312 1066 3381 στάντα

61 3421 99 3488 ἐν
113 3431 198 3486 τοῖσι
212 3419 378 3487 ἑδωλίοισι
392 3423 576 3499 διεξελθεῖν
603 3420 711 3506 νόμον
724 3413 785 3485 τδν
802 3413 934 3500 ὄρθιον,
949 3421 1067 3481 τελευ-
