2354 3840
366 211 517 268 1.113.11.
551 212 650 271 cAP.
683 221 789 276 2-6.
1020 217 1079 280 117

71 393 140 453 μαι.
178 364 263 436 Ὅσα
279 368 317 436 δὲ
338 365 541 483 ἀνθρωπήια
562 372 757 461 πρήγματα,
782 367 847 443 ὦδε
867 376 1014 463 ἐλεγον’
999 405 1082 493 ομο-
1098 394 1114 443 ε

72 467 247 550 λυγέοντες
257 472 364 552 σφίσι,
380 466 536 552 πρύτους
546 474 753 555 Αἰγυπτίους
764 469 987 561 ύνθρόπωυ’
970 476 1081 544 απύν·

72 588 140 630 των
153 560 365 649 ἐξευρέειν
330 589 391 632 τον
402 562 576 652 ἐνιαυτόν,
594 566 748 636 δυόδεκα
759 575 860 658 μέρεα
872 576 1081 659 δασαμένους

70 668 138 731 τῶν
151 659 267 750 ὡρέων
281 659 368 742 ἐς
325 661 442 731 αυτόν.
465 669 569 731 ταῦτα
583 665 619 732 δὲ
635 669 800 755 ἐξενρέειν
814 671 850 737 ἐκ
865 675 933 739 τῶν
947 669 1080 758 αστρων

72 769 197 851 ἔλεγον.
232 760 354 849 ἄγουσι
378 763 415 830 δὲ
439 766 566 853 τοσῷδε
589 764 786 851 σοφότερον
794 764 981 856 Ελλήνων,
1008 772 1080 855 ἐμοὶ

70 867 218 948 δοκέειν,
240 859 309 953 όσφ
321 858 479 948 Ἕλληνες
493 864 557 949 μὲν
580 863 636 932 διόι
657 871 772 953 τρίτου
792 873 881 948 ἔτεος
897 869 1079 956 ἐμβόλιμον

69 960 317 1050 ἐπεμβάλλουσι
337 966 407 1028 τῶν
429 958 544 1049 ὡρέων
567 965 712 1051 εἵνεκεν,
731 965 912 1051 Αίγύπτιον
933 966 970 1035 δὲ
984 993 1079 1054 τριη-

68 1063 295 1149 κοντημέρους
306 1057 444 1146 ἄγοντες
454 1056 534 1138 τούς
544 1061 699 1131 δυόδεκα
713 1069 820 1150 μήνας
835 1063 997 1150 ἐπάγουσι
1011 1060 1077 1132 ἀντὶ

67 1167 137 1229 πᾶν
153 1165 226 1239 ἐτος
245 1160 344 1227 πέντε
365 1154 489 1246 ἡμέρας
506 1159 611 1245 πάρεξ
633 1166 694 1227 τοῦ
715 1157 883 1249 ἀριθμοῦ,
906 1167 965 1229 καί
982 1157 1076 1247 σφιὸ

68 1260 193 1339 κύκλος
203 1264 272 1326 τῶν
284 1255 400 1344 ὡρέων
412 1260 445 1336 ἐς
456 1254 564 1326 τώυτό
580 1255 721 1345 περιιών
735 1267 961 1347 παραγίνεται.
986 1258 1078 1326 δυω·

67 1356 150 1426 δεκύ
170 1382 207 1424 τε
230 1361 325 1424 θεῶν
351 1357 542 1442 ἐπωνυμίας
564 1361 680 1442 ἔλεγον
702 1354 857 1443 πρότονς
870 1362 1076 1443 Αίγυπτίους

67 1460 203 1542 νομίσαι
222 1455 278 1521 καὶ
290 1449 453 1540 Ἕλληνας
474 1449 565 1539 παρὰ
591 1456 705 1539 σφέων
720 1450 918 1543 ἀναλαβεῖν,
940 1453 1077 1543 βωμούς

65 1581 101 1624 τε
115 1556 172 1623 καὶ
185 1550 360 1641 ύγύλματα
371 1554 427 1620 καὶ
437 1548 543 1640 νηούς
557 1561 668 1620 θεοῖσι
678 1550 856 1642 ἀπονεῖμαι
867 1558 972 1641 σφέας
981 1553 1076 1642 πρό-

65 1678 146 1731 τους
160 1651 216 1720 καὶ
233 1656 298 1742 ζῷα
319 1653 356 1719 ἐν
370 1656 499 1719 λίθοισι
516 1648 696 1737 ἐγγλύψαι,
718 1654 774 1719 καί
788 1650 918 1721 τούτων
932 1656 994 1740 μέν
1008 1679 1075 1720 νυν

67 1747 105 1818 τὰ
126 1750 216 1818 πλέω
232 1753 320 1839 ἔργω
340 1747 485 1835 ἐδήλουν
506 1744 595 1815 οὕτω
610 1747 793 1836 γενόμενα,
815 1757 1012 1837 βασιλεῦσαι
1038 1752 1075 1818 δὲ

64 1853 202 1937 πρῶτον
216 1844 394 1932 Αἰγύπτου
416 1841 614 1932 ἀνθρώπων
637 1851 753 1932 ἔλεγον
769 1853 883 1935 Μήνα.
918 1850 972 1916 ἐπὶ
994 1847 1074 1915 τού-

64 1970 150 2031 του,
167 1941 257 2031 πλήν
272 1949 335 2012 τοῦ
348 1948 522 2031 Θηβαεκοῦ
537 1949 662 2030 νομοῦ,
680 1949 793 2013 πᾶσαν
803 1955 978 2031 Αίγυπτον
989 1944 1074 2014 εἰναι

64 2045 156 2129 ἕλος,
178 2042 234 2110 καὶ
257 2037 360 2128 αύτής
381 2039 466 2109 εἶναι
480 2037 584 2107 υύδέν
598 2037 763 2130 ὑπερέχον
782 2049 851 2110 τῶν
865 2049 932 2110 νῦν
954 2048 1073 2130 ἔνερθε

63 2148 183 2228 λίμνης
199 2146 258 2229 τῆς
277 2146 423 2228 Μοίριος
438 2139 581 2226 ἐόντων,
604 2142 637 2219 ἐς
652 2137 715 2226 τήν
731 2137 904 2221 ἀνάπλους
924 2137 990 2210 dud
1005 2150 1073 2210 θα-

68 2238 190 2324 λάσσης
206 2233 287 2307 ἑπτὰ
309 2234 463 2326 ἡμερέων
489 2238 557 2305 ἐστὶ
574 2235 639 2305 ἀνὰ
656 2235 716 2306 τόν
737 2239 897 2325 ποταμόν.
944 2242 1010 2307 Καί
1033 2230 1104 2307 εύό

63 2363 122 2423 μοι
136 2334 275 2406 ἐδόκεον
288 2338 399 2423 λέγειν
413 2338 490 2422 περὶ
504 2342 562 2422 τής
575 2335 693 2423 χώρης.
718 2340 802 2421 δήλα
816 2334 882 2425 γὰρ
897 2333 937 2424 δή
956 2338 1012 2404 καί
1026 2333 1070 2422 μή

63 2433 333 2524 προακούσαντι,
355 2431 463 2501 ἰδόντι
488 2432 542 2518 δὲ,
564 2431 655 2512 ὅστις
679 2460 718 2520 γε
742 2434 882 2502 σύνεσιν
908 2441 991 2520 ἔχει,
1019 2430 1071 2500 ότι

62 2541 252 2621 Αἴγυπτος,
279 2533 313 2610 ἐς
336 2528 399 2618 τήν
415 2529 573 2618 Ἕλληνες
597 2537 848 2617 ναυτίλλονται,
877 2534 944 2600 ἐστὶ
963 2537 1072 2619 Αίγυ·

62 2636 188 2700 πτέοισι
204 2630 375 2718 ἐπίκτητός
390 2657 426 2699 τε
439 2638 483 2718 γῆ
501 2633 556 2699 καὶ
572 2635 683 2716 δῶρον
697 2637 759 2698 τοῦ
773 2637 943 2719 ποταμοῦ,
961 2635 1016 2700 καλ
1029 2629 1069 2699 τὰ

63 2727 257 2817 κατύπερθε
271 2733 319 2798 ἐτι
338 2735 396 2816 τῆς
411 2738 530 2818 λίμνης
551 2732 673 2825 ταύτης
693 2733 788 2819 μέχρι
801 2737 906 2821 τριοῖν
918 2728 1070 2822 ἡμερέων

63 2825 190 2912 πλόου,
208 2831 267 2914 τής
287 2829 363 2911 πέρι
378 2829 499 2896 ἐκείνοι
517 2826 618 2897 ούδὲν
636 2833 684 2897 ἔτι
703 2828 837 2898 τοιόνδε
851 2836 983 2916 ἔλεγον,
1002 2835 1070 2898 ἐστι

63 2923 94 2992 δ’
111 2927 228 3010 ἕτερον
241 2932 384 2994 τοιοῦτο.
417 2927 594 3014 Αίγύπτου
608 2925 674 3015 γόρ
691 2928 794 3014 φύσις
807 2934 865 3016 τῆς
879 2927 989 3017 χιόρης
1003 2931 1070 2995 ἐστί

62 3025 192 3114 τοιήδε·
204 3032 333 3146 πρβτα
352 3030 414 3114 μὲν
430 3026 642 3115 προσπλιύων
663 3032 710 3094 ἐτι
727 3028 782 3093 καλ
802 3020 926 3112 ἡμέρης
941 3023 1069 3112 δρόμον

60 3120 229 3210 εἰπέχων’
209 3120 275 3193 από
288 3130 361 3210 γής,
377 3127 486 3203 κατεὶς
497 3129 797 3240 καταπειρητηρίην
807 3120 916 3209 πηλόν
929 3147 962 3189 τε
973 3118 1069 3191 ἆνοί-

60 3243 130 3302 σεις
141 3223 198 3289 καί
208 3223 246 3289 ἐν
257 3219 656 3310 ενδεκαόργυιήσιίσεαι.
679 3221 851 3304 τοῦτομὲν
862 3221 914 3288 ἐπὶ
927 3227 1066 3331 τοσοῦτο

58 3324 161 3407 δηλοί
171 3316 337 3403 πρόχυσιν
352 3325 410 3405 τῆς
424 3325 485 3406 γῆς
499 3321 631 3387 ἐοῦσαν.

140 3414 256 3504 Αύτής
270 3417 378 3504 δὲτης
388 3417 564 3503 Αἰγύπτου
580 3420 647 3486 ἐστὶ
660 3424 765 3505 μήκος
777 3414 815 3484 τό
831 3440 922 3502 παρα
936 3415 1068 3485 θύλασ-
1084 3430 1102 3483 6
