2354 3840
149 199 210 261 116
520 205 770 264 HERODOTI

146 362 183 429 δὲ
200 363 305 452 ἐρήμῃ
320 359 373 430 ἐπ’
390 366 525 430 ἑωυτῶν
539 367 675 431 κέεσθαι
693 360 796 450 αὐτά,
818 366 873 430 καὶ
887 362 951 450 τήν
965 364 1060 453 ὤρην
1072 368 1140 435 ἐπι·

144 461 270 546 γινέειν
281 479 342 546 σφι
353 458 465 547 αἶγας,
481 461 653 548 πλήσαντα
665 463 701 528 δὲ
712 468 773 527 τοῦ
783 461 948 547 γάλακτος
961 456 1068 533 τᾶλλα
1078 468 1141 535 δια-

144 560 364 649 πρήσσεσθαι.
388 568 493 627 ταῦτα
508 559 540 627 θ’
558 564 668 629 έποίεέ
685 562 791 628 τεκαὶ
813 564 1000 629 ἐνετέλλετο
1016 559 1035 631 ὁ
1055 572 1141 651 Ψαμ-

142 659 274 747 μήτιχος
284 656 411 725 ἐθέλων
427 655 571 726 άκοῦσαι
587 666 655 725 τῶν
679 662 840 744 παιδίοιν,
868 655 1141 745 ἀπαλλαχθέντων

144 762 211 821 τῶν
227 753 366 841 ἀσήμων
382 757 620 843 κνυζημάτων,
637 754 757 840 ήντινα
773 752 892 841 φωνήν
905 755 1047 842 ῥήξουσι
1059 756 1141 843 πρό-

143 880 213 941 τήν.
254 852 359 942 τάπερ
375 847 424 921 τόν
437 856 493 923 καὶ
508 857 647 941 ἐγένετο.
682 851 726 931 ὡς
740 850 805 939 γάρ
821 855 928 938 διέτης
941 852 1064 939 χρόνος
1079 856 1141 939 έγι·

142 951 242 1036 γόνεε
254 957 359 1018 ταῦτα
372 959 419 1043 τῷ
429 956 563 1037 ποιμένι
574 952 768 1038 πρήσσοντι,
785 947 954 1037 άνολγοντι
965 947 1030 1038 τὴν
1038 950 1141 1037 θόριμ

143 1050 199 1116 καὶ
224 1048 347 1117 ἐσιόντι
373 1047 414 1117 τά
440 1054 556 1117 παιδία
581 1048 755 1135 ἀμφότερα
779 1053 1031 1132 προσπίπτοντα
1054 1044 1140 1135 ῥινός

144 1146 313 1233 ἐφάνεου,
332 1144 493 1234 ὀρέγοντα
508 1145 567 1226 τάς
581 1161 701 1233 χεῖρας.
723 1143 764 1213 τά
779 1143 897 1232 μὲνδὴ
914 1153 1033 1231 πρῶτα
1045 1144 1140 1215 άκοό·

143 1265 203 1323 σας
217 1244 341 1331 ἥσυχος
357 1237 402 1331 ήν
417 1242 435 1312 ὁ
452 1242 595 1331 ποιμήν,
618 1242 662 1323 ὡς
678 1245 714 1311 δέ
729 1244 890 1323 πολλάκις
911 1250 1080 1330 φοιτέοντι
1095 1246 1140 1313 καὶ

143 1345 370 1434 ἐπιμελομένῳ
384 1340 512 1411 πολλὸν
532 1337 577 1429 ἦν
594 1350 692 1409 τοῦτο
707 1339 744 1410 τό
762 1348 857 1429 ἔπος,
880 1341 971 1410 οὕτω
985 1342 1028 1429 δή
1044 1342 1140 1429 σημή-

142 1466 204 1517 νας
225 1446 272 1529 τῷ
294 1440 439 1528 δεσπότῃ
458 1438 563 1527 ἤγαγε
585 1438 626 1507 τά
642 1446 759 1509 παιδία
776 1442 999 1521 κελεύσαντος
1023 1445 1057 1521 ές
1071 1440 1140 1521 ὅφιν

142 1532 205 1621 τήν
221 1539 361 1604 ἐκείνου.
386 1535 533 1617 άκούσας
550 1537 587 1606 δὲ
602 1542 657 1606 καλ
675 1536 776 1617 αὐτὸς
791 1537 1036 1627 ὁΨαμμήτιχος
1047 1542 1141 1608 ἐπυν-

141 1633 286 1720 θάνετο,
311 1638 431 1714 οἵτινες
448 1633 644 1722 άνθράπων
660 1637 760 1722 βεκός
772 1663 805 1704 τι
821 1640 996 1725 καλέουσι,
1013 1646 1141 1705 πυνθα-

141 1732 286 1818 νόμενος
301 1731 338 1800 δέ
355 1731 490 1818 εὕρισκε
501 1736 639 1823 Φρύγας
653 1739 833 1814 καλέοντας
845 1733 908 1803 τόν
922 1734 1038 1823 άρτον.
1062 1736 1141 1805 οὕτω

142 1830 382 1918 συνεχάρησαν
401 1834 598 1919 Αἰγύπτιοι,
628 1837 683 1900 καὶ
708 1835 849 1926 τοιοότφ
874 1835 1142 1922 σταθμησάμενοι

113 1929 327 2096 ὃ,τςιὶρῖήγμμτα
356 1928 435 2097 κρέξ
456 1933 594 2100 Φρήγαρ
612 1932 1140 2103 μρεσβντξρονςίσεῖναιέέωῆἔῶν.

199 2055 214 2095 ε
276 2053 297 2094 ν
334 2055 372 2096 εν
436 2058 555 2098 αιτων
629 2057 754 2099 ωντου
834 2058 856 2099 α
890 2057 952 2100 του
991 2060 1013 2101 ν
1132 2060 1143 2100 ι

140 2056 277 2211 ἤκουόν.
311 2056 471 2213 ζΕλληνες
487 2128 523 2197 δέ
537 2056 673 2216 λέγεόυσι
691 2129 775 2197 άλλα
788 2058 960 2216 τῖμάταια
970 2058 1143 2202 nomm

142 2221 187 2301 ὡς
202 2230 377 2309 γυναικῶν
397 2224 456 2306 τάς
479 2227 631 2313 γλάσσας
652 2225 670 2295 ὁ
689 2230 901 2314 Ψαμμήτιχος
917 2226 1074 2315 ἐκταμὼν
1086 2224 1144 2315 τήν

141 2325 272 2389 δίαιταν
302 2320 391 2391 οὕτω
422 2325 599 2413 ἐποιήσατο
629 2332 698 2393 τῶν
722 2328 866 2392 παιδίων
892 2322 984 2411 παρὰ
1010 2326 1144 2415 ταύτῃσι

140 2426 215 2509 τῇσι
239 2426 381 2506 γυναιξί.
407 2420 500 2490 Κατά
517 2422 580 2509 μὲν
604 2420 644 2508 δή
670 2420 733 2510 τήν
756 2420 889 2508 τροφήν
912 2428 982 2489 τάν
1005 2429 1144 2493 παιδίοιν

140 2527 285 2588 τοσαῦτα
300 2525 434 2608 ἔλεγον,
455 2519 586 2608 ήκουσα
603 2523 640 2589 δὲ
656 2526 712 2589 καὶ
725 2519 809 2589 άλλα
821 2523 859 2588 έν
874 2523 1015 2609 Μέμφι,
1036 2518 1144 2591 ἐλθόν

140 2621 174 2696 ἐς
189 2619 311 2705 λόγους
324 2635 409 2687 τοῖσι
424 2626 533 2707 ἱρεῦσι
546 2628 608 2689 τοῦ
619 2619 821 2708 Ἡφαίστου·
842 2622 899 2688 καὶ
912 2618 954 2707 δή
965 2623 1023 2689 καὶ
1033 2622 1070 2700 ές
1079 2620 1145 2708 Θή·

139 2723 201 2802 βας
214 2741 250 2783 τε
266 2718 322 2782 καὶ
337 2718 370 2793 ές
384 2714 501 2784 Ἡλίου
515 2719 617 2786 πόλιν
631 2716 745 2786 αὐτῶν
759 2717 890 2784 τούτων
908 2721 1040 2787 εἵνεκεν
1051 2720 1144 2803 ἐτρα-

139 2813 269 2900 πόμην,
292 2815 421 2881 ἐθέλων
442 2818 582 2902 εἰδέναι,
605 2823 635 2883 εἰ
655 2815 884 2903 συμβήσονται
905 2830 993 2882 τοῖσι
1017 2814 1144 2901 λόγοισι

139 2926 223 2980 τοῖσι
245 2915 282 2978 ἐν
297 2913 434 2998 Μέμφι·
458 2917 492 2980 ολ
505 2912 692 3002 γάρἩλίου
703 2920 851 3003 πολιῆται
867 2917 1022 3002 λέγονται
1038 2922 1145 3002 Λέγο-

138 3016 244 3077 πτίων
259 3006 344 3076 εἶναι
359 3011 563 3096 λογιώτατοι.
598 3010 638 3079 τά
663 3015 726 3097 μέν
745 3038 812 3080 νυν
831 3023 911 3081 θεϊα
930 3019 1001 3081 τάν
1015 3010 1144 3101 άπήγη-

137 3110 253 3197 μάτων
267 3104 322 3177 οἷα
337 3107 482 3198 ήκονον,
504 3108 567 3179 οάκ
583 3112 648 3197 ελμλ
661 3111 839 3197 πρόθυμος
854 3113 1069 3201 ἐξηγέεσθαι,
1085 3114 1143 3193 ἐξα

135 3201 158 3293 ἦ
171 3203 212 3274 τά
230 3203 402 3294 οὐνόματα
417 3205 531 3276 αὐτῶν
547 3215 695 3295 μοῦνον,
709 3215 855 3296 νομίζων
865 3211 994 3290 πάντας
1005 3206 1143 3295 ἀνθρά-

135 3331 221 3385 πους
235 3315 310 3374 ἴσον
326 3310 401 3394 περὶ
415 3305 529 3375 αὐτῶν
545 3311 759 3377 ἐπίστασθαι·
780 3307 820 3376 τά
830 3306 863 3374 δ’
874 3307 918 3374 άν
930 3308 1140 3393 ἐπιμνησθέω

79 3488 82 3494 ¹
135 3402 264 3487 αὐτῶν,
286 3403 353 3473 ὑπὸ
368 3412 429 3474 τοῦ
446 3406 551 3492 λόγου
573 3407 874 3493 ἐξαναγκαζόμενος
891 3406 1138 3497 ἐπιμνησθήσο-
