2354 3840
131 193 192 254 216
526 197 779 254 HERODOTI

83 371 114 423 1⁰
209 354 262 424 Ἐν
278 355 314 423 δὲ
328 362 373 445 τῷ
384 361 562 445 Πηλουσίῳ
577 353 767 444 καλεομένῳ
779 353 916 438 στόματι
930 358 992 421 τοῦ
1003 356 1133 435 Νείλου

127 453 423 536 ἐστρατοπεδεύετο
441 452 712 537 Ψαμμήνιτος
736 452 753 518 δ
771 448 926 537 Ἀμάσιος
950 461 1028 528 παῖς
1047 445 1132 515 ὑπο-

127 552 238 633 μένων
260 548 455 635 Καμβύσην.
494 546 638 634 ’Ἀμασιν
662 546 727 635 γάρ
753 544 794 615 ού
820 549 980 634 κατέλαβε
1005 544 1131 626 ζεόοντα

126 644 311 733 Καμβύσης
337 646 456 723 ἐλάσας
479 643 531 713 ἐπ’
555 655 747 731 Αἴγυπτον,
775 642 860 714 άλλά
885 643 1087 731 βασιλεύσας
1112 637 1131 708 δ

117 740 256 828 ’Ἄμασις
283 743 420 828 τέσσερα
446 743 502 809 καὶ
527 742 770 824 τεσσεράκοντα
794 747 867 810 ἐτεα
897 738 1066 826 ἀπέθανε,
1095 741 1131 806 ἐν

125 855 211 908 τοῖσι
227 838 327 906 οὐδέν
339 845 373 907 οἰ
381 843 464 925 μέγα
476 837 640 922 ἀνάρσιον
654 846 790 926 πρῆγμα
805 846 1020 925 συνηνείχθη.
1044 835 1131 905 άπο·

125 936 245 1007 θανύν
260 937 296 1005 δὲ
312 939 367 1005 καί
381 941 589 1023 ταριχευθεὶς
603 936 708 1021 ἐτάφη
725 937 762 1003 ἐν
776 941 850 1023 τῇσι
864 942 987 1024 ταφῇσι
1003 943 1079 1024 τῇσι
1095 938 1132 1004 έν

125 1043 170 1124 τῷ
192 1040 270 1124 ἰρῷ,
292 1033 351 1113 τάς
375 1032 475 1112 αύτδς
496 1033 746 1121 οἰκοδομησατο.
783 1035 835 1100 ἐπὶ
853 1041 1075 1120 Ψαμμηνίτου
1095 1033 1131 1101 δὲ

125 1139 186 1200 τοῦ
194 1130 347 1219 Ἀμάσιος
358 1132 594 1220 βασιλεύοντος
604 1130 780 1217 Αἰγύπτου
791 1130 908 1218 φάσμα
914 1138 1131 1218 Αἰγυπτίοισι

124 1233 280 1316 μέγιστον
294 1229 335 1317 δὴ
351 1234 497 1316 ἐγένετο·
519 1229 677 1314 ύσθησαν
690 1222 755 1313 γάρ
768 1234 876 1315 Θῆβαι
891 1233 928 1298 αί
935 1231 1130 1316 Αἰγύπτιαι,

124 1327 201 1397 οὔτε
216 1329 381 1415 πρότερον
396 1325 527 1413 ούδαμά
546 1324 704 1394 ὑσθεῖσαι
724 1322 802 1392 οὔτε
820 1323 963 1413 ὕστερον
978 1325 1016 1394 τό
1033 1330 1130 1414 μέχρι

124 1428 220 1510 ἐμεῦ,
245 1422 288 1502 ὡς
314 1427 449 1510 λέγουσι
471 1422 565 1491 αύτοί
580 1430 729 1509 Θηβαῖοι.
760 1419 801 1488 ού
822 1420 887 1510 γάρ
910 1421 951 1509 δὴ
972 1423 1067 1492 ὕεται
1089 1421 1129 1492 τά

125 1521 196 1589 άνω
209 1529 268 1605 τῆς
279 1521 454 1605 Αἰγύπτου
465 1518 502 1587 τό
517 1520 692 1606 παράπαν·
715 1515 799 1586 άλλά
815 1521 869 1587 καί
882 1520 957 1588 τότε
970 1520 1144 1608 ὕσθησαν·

80 1637 107 1688 11
128 1625 165 1687 αἰ
177 1626 284 1705 (θηβαι
293 1617 428 1693 ψακάδι.
476 1622 519 1685 OC
538 1618 574 1684 δὲ
588 1621 716 1699 Πέρσαι
742 1618 850 1685 ἐπείτε
880 1617 1128 1698 διεξελάσαντες

123 1717 185 1804 τὴν
207 1715 357 1801 άνυδρον
378 1719 486 1794 ἵζοντο
511 1715 611 1791 πέλας
633 1720 702 1780 τῶν
715 1718 910 1798 Αἰγυπτίων
931 1711 975 1793 ὡς
996 1724 1128 1802 συμβα-

123 1819 265 1899 λέοντες,
281 1816 430 1881 ἐνθαύτα
446 1818 480 1880 οἰ
495 1818 667 1899 ἐπίκουροι
683 1817 718 1879 οἰ
729 1819 791 1879 τού
800 1819 1000 1903 Αἰγυπτίου,
1017 1817 1126 1896 ἐόντες

123 1912 412 2000 άνδρεςἝλληνές
433 1936 468 1978 τε
489 1913 544 1978 καὶ
565 1916 691 1997 Κᾶρες,
720 1909 929 1995 μεμφόμενοι
948 1920 994 2004 τῷ
1018 1914 1126 2001 Φάνη,

123 2012 174 2082 ότι
189 2008 332 2097 στρατδν
344 2009 448 2096 ἤγαγε
462 2006 515 2076 ἐπ’
531 2017 706 2093 Αἴγυπτον
723 2005 930 2096 ἀλλόθροον,
940 2009 1127 2096 μηχανέον-

123 2142 176 2183 ται
191 2120 326 2197 πρῆγμα
343 2113 376 2188 ἐς
391 2108 496 2177 αὐτόν
509 2108 657 2177 τοιόνδε·
679 2101 768 2194 ἦσαν
784 2113 830 2198 τῷ
845 2106 942 2196 Φάνῃ
958 2113 1075 2188 παῖδες
1089 2110 1126 2176 έν
1148 2197 1150 2200 y

123 2212 283 2298 Αἰγύπτῳ
298 2211 605 2292 καταλελειμμένοι,
626 2203 705 2284 τούς
722 2204 904 2292 ἀγαγόντες
920 2208 953 2283 ἐς
968 2203 1006 2272 τδ
1024 2225 1126 2289 στρα-

122 2309 266 2378 τόπεδον
280 2309 335 2375 καί
349 2309 381 2384 ἐς
396 2304 476 2387 ὄψιν
492 2302 693 2386 τοῦπατρὸς
710 2310 857 2389 κρητῆρα
873 2304 910 2369 ἐν
925 2303 1013 2392 μέσφ
1030 2307 1125 2388 ἐστη-

122 2427 186 2475 σαν
201 2404 399 2492 ἀμφοτέρων
419 2411 487 2471 τῶν
508 2405 758 2489 στρατοπέδων,
780 2399 861 2487 μετά
882 2403 918 2470 δὲ
934 2400 1125 2487 ἀγινέοντες

122 2503 204 2575 κατά
222 2509 281 2571 ἕνα
299 2507 440 2571 ἕκαστον
456 2511 524 2570 τῶν
541 2507 671 2570 παίδων
684 2507 828 2587 ἔσφαζον
841 2504 874 2581 ές
889 2501 949 2571 τὸν
964 2508 1122 2589 κρητῆρα.

123 2602 178 2672 διὰ
202 2604 339 2670 πάντων
360 2605 395 2668 δὲ
417 2600 644 2680 διεξελθόντες
664 2607 732 2667 τῶν
755 2604 884 2667 παίδων
902 2597 996 2668 οἶνόν
1017 2624 1053 2666 τε
1070 2602 1126 2667 καὶ

101 2701 214 2785 -ύδωρ
242 2699 422 2784 ἐσεφόρεον
449 2702 481 2777 ἐς
501 2696 622 2783 αύτόν,
651 2697 882 2784 ἐμπιόντεςδέ
905 2703 966 2764 τοῦ
987 2699 1126 2782 αἳματος

120 2799 242 2877 πάντες
256 2803 291 2865 οἰ
303 2800 473 2882 ἐπίκουροι
485 2796 574 2864 οὕτω
587 2795 627 2883 δη
641 2801 836 2883 συνέβαλον.
858 2793 964 2882 μάχης
975 2796 1012 2862 δὲ
1024 2820 1124 2881 γενο-

120 2923 221 2982 μενης
238 2901 398 2982 καρτερῆς
415 2897 470 2962 καί
485 2894 659 2962 πεσόντων
675 2897 708 2973 ἐξ
725 2891 924 2981 άμφοτέρων
938 2898 1007 2959 των
1021 2912 1124 2976 στρα-

73 3012 104 3063 12
120 2996 271 3061 τοπέδων
280 2992 406 3078 πλήθει·
414 3000 548 3059 πολλῶν
559 2993 742 3076 ἐτράποντο
754 2996 787 3059 οἰ
792 2991 979 3076 Αἰγύπτιοι.
1021 2999 1124 3075 θῶμα

118 3091 155 3159 δὲ
168 3092 252 3175 μέγα
269 3091 358 3157 εἶδον
369 3090 564 3176 πυθόμενος
575 3089 665 3175 παρά
677 3099 744 3158 τῶν
755 3093 956 3177 ἐπιχωρίων·
978 3087 1122 3175 τῶνγὰρ

118 3184 243 3254 ὀστέων
258 3193 529 3272 περικεχυμένων
543 3191 641 3275 χωρὶς
664 3191 828 3275 ἑκατέρων
841 3197 909 3255 τῶν
927 3191 964 3256 ἐν
979 3196 1020 3278 τῇ
1036 3188 1123 3277 μάχη

116 3282 220 3370 ταύτῃ
243 3283 415 3352 πεσόντων
440 3289 553 3372 ρχωρὶς
574 3289 636 3372 μὲν
660 3286 724 3373 γάρ
745 3296 813 3355 τῶν
833 3289 994 3374 Περσέων
1015 3288 1123 3356 ἐκέετο

115 3377 156 3447 τά
175 3377 286 3467 ὀστέα,
303 3380 348 3461 ὡς
365 3385 530 3471 ἐχωρίσθη
546 3384 619 3452 κατ’
636 3383 755 3471 άρχδις,
772 3389 911 3471 ἑτέρωθι
926 3387 963 3453 δὲ
978 3392 1046 3454 τῶν
1059 3390 1122 3452 Αἰ·-
