2354 3840
349 162 433 219 LIB.
462 165 483 220 1.
517 163 615 221 cAP.
650 168 787 224 10-14.
1050 161 1070 226 ’ί

67 319 123 403 ἐμὲ
135 319 308 397 ἐπεδέξατο
320 316 464 407 γυμνὴν,
479 317 665 413 ὑπνωμένῳ
677 320 744 409 δδὴ
759 325 957 413 ἐπιχείρησις
968 331 1067 396 ἔσται.

62 411 119 493 Ὡς
140 417 177 482 δὲ
196 413 346 503 ἤρτυσαν
369 415 431 504 τὴν
451 417 652 506 ἐπιβουλὴν,
674 418 796 499 νυκτὸς
815 426 997 510 γενομένης
1013 423 1069 493 ·ού
1084 436 1118 490 1²

66 513 132 598 γὰρ
154 520 282 599 μετίετο
304 513 322 582 ὁ
348 515 478 603 Γύγης,
504 513 588 584 ούδέ
604 521 639 586 οί
656 509 701 605 ἦν
721 514 895 607 ἀπαλλαγὴ
918 518 1067 609 ούδεμία,

66 608 151 679 ἄλλα
167 616 238 680 ἔδεε
253 609 274 700 ἢ
292 611 398 682 αὐτὸν
412 612 620 684 ἀπολωλέναι
634 611 657 701 ἢ
672 615 887 701 Κανδαύλην·
911 620 1020 686 είπετο
1036 623 1068 698 ἐς

65 712 126 780 τὸν
149 712 308 798 θύλαμον
327 720 368 802 τῇ
388 721 533 800 γυναικί.
572 720 630 782 καί
654 740 713 801 μιν
740 715 850 799 ἐκείνη
871 716 1068 804 ἐγχειρίδιον

66 817 172 878 δοῦσα
195 813 418 900 κατακρύπτει
439 810 505 881 ύπδ
529 810 591 898 τὴν
613 808 721 898 αύτην
743 812 867 899 θύρην.
907 816 962 883 καλ
986 815 1067 901 μετὰ

65 918 170 978 ταῦτα
186 908 448 1000 ἀναπαυομένου
463 915 670 982 Κανδαύλεω
694 907 843 994 ύιτεκδύς
862 941 898 983 τε
913 921 969 986 καί
982 915 1066 985 διπο-

65 1017 196 1088 κτείνας
215 1007 320 1080 αύτδυ
342 1018 415 1099 ἔσχε
435 1015 489 1079 καὶ
509 1009 571 1098 τὴν
588 1026 731 1097 γυναῖκα
745 1016 801 1079 καί
814 1011 877 1099 τὴν
890 1020 1068 1101 βασιληίην

65 1107 194 1192 Γύγης·
220 1116 281 1176 τοῦ
304 1112 359 1178 καλ
380 1108 565 1197 Ἀρχίλοχος
588 1108 756 1199 ὁΠύριος,
777 1109 861 1179 κατδι
881 1111 941 1181 τδν
962 1110 1067 1182 αὐτὸν

64 1204 190 1289 χρόνον
203 1207 559 1300 γενέμενος,ε’νίύμβηι
573 1212 736 1300 τριμέτρῳ
749 1212 954 1300 ἐπεμνήσθη.
972 1212 1069 1299 Ἔσχε
1081 1229 1117 1285 λθ

65 1301 174 1389 δὲτὴν
185 1313 363 1393 βασιληίην
374 1312 430 1375 καὶ
441 1307 632 1393 ἐκρατύνθη
644 1308 680 1375 ἐκ
691 1313 752 1374 τοῦ
764 1310 801 1375 ἐν
811 1318 975 1395 Δελφοῖσι
985 1336 1067 1399 χρη-

66 1410 214 1490 στηρίου.
243 1401 288 1483 ως
303 1405 367 1493 γὰρ
384 1405 424 1492 δὴ
440 1411 475 1474 ol
486 1408 593 1473 Λυδοὶ
608 1402 721 1473 δεινὰν
735 1408 908 1475 ἐποιεῦντο
921 1404 959 1476 τδ
974 1416 1068 1476 Καν-

65 1505 196 1572 δαύλεω
211 1505 322 1584 πίθος
337 1509 393 1574 καλ
408 1508 445 1573 ἐν
456 1503 589 1574 ὅπλοισι
600 1497 699 1592 ἦσαν,
714 1507 906 1592 συνέβησαν
916 1507 950 1586 ές
959 1504 1063 1576 τύυτδ

64 1608 100 1670 οἵ
113 1629 148 1670 τε
161 1610 223 1670 τού
239 1604 358 1689 Γύγεω
374 1610 551 1672 στασιῶται
566 1605 622 1672 καλ
637 1608 671 1672 σί
685 1607 795 1672 λοιποὶ
807 1607 930 1691 Λυδοὶ,
946 1600 990 1692 ἢν
1005 1606 1068 1692 μὲν

63 1702 105 1790 δὴ
120 1701 157 1770 τό
173 1703 375 1790 χρηστήριον
390 1701 492 1792 ἀνέλη
513 1728 572 1789 μιν
587 1706 725 1789 βασιλέα
747 1699 832 1770 εἶναι
845 1707 986 1791 Λυδῶν,
1006 1701 1067 1772 τδν

64 1805 101 1870 δὲ
115 1803 324 1891 βασιλεύειν,
339 1800 388 1890 ἢν
398 1806 435 1873 δὲ
448 1800 512 1889 μὴ,
529 1798 716 1870 ἀποδοῦναι
730 1796 836 1869 ὀπίσω
851 1798 1067 1890 έςἩρακλεί-

15 1909 18 1914 ’
63 1905 124 1978 δας
138 1897 200 1986 την
216 1897 332 1987 ἀρχήν.
367 1900 481 1970 ύυεῑλέ
496 1926 532 1968 τε
554 1897 594 1986 δη
611 1897 649 1966 τό
665 1901 866 1988 χρηστήριον
883 1903 938 1970 καὶ
953 1904 1067 1990 ἐβασί-

63 2007 183 2066 λευσεν
198 1997 287 2067 ούτω
301 2003 423 2087 Γύγης.
454 1999 595 2068 τοσόνδε
609 2001 722 2084 μέντοι
740 1996 809 2066 εἶπε
825 1995 845 2085 ἡ
861 2006 995 2087 Πυθίη,
1021 1997 1066 2077 ὡς

58 2092 291 2184 Ἡρακλείδῃσι
302 2105 385 2176 τίσις
395 2096 466 2184 ἥξει
477 2100 511 2176 ές
521 2095 583 2165 τὸν
594 2099 744 2182 πέμπτον
754 2094 926 2182 ἀπόγονον
936 2097 1063 2184 Γύγεω.

62 2194 185 2260 τούτου
201 2199 263 2260 τού
278 2199 374 2274 έπεος
384 2199 495 2264 Λυδοί
508 2221 543 2262 τε
560 2197 614 2262 καὶ
628 2199 662 2262 οί
675 2197 825 2281 βασιλέες
839 2190 1065 2281 αύτῶνλόγον

62 2283 185 2358 οὐδένα
203 2295 393 2379 ἐποιεῦντο,
411 2295 491 2378 πρὶν
506 2291 546 2381 δὴ
565 2295 772 2376 ἐπετελέσθη.
800 2290 870 2379 Τὴν
881 2290 994 2379 μὲνδὴ
1005 2318 1066 2359 τυ-
1080 2303 1120 2357 14·

62 2395 204 2475 ραννίδα
230 2390 320 2459 ούτω
345 2398 443 2478 ἔσχον
469 2397 503 2461 οί
522 2389 726 2477 Μερμνάδαι
750 2386 829 2467 τούς
848 2387 1065 2476 Ἡρακλείδας

60 2489 280 2576 ἀπελόμενοι,
306 2491 419 2579 Γύγης
441 2494 477 2560 δέ
498 2489 729 2577 τυραννεύσας
744 2485 917 2573 ἀπέπεμψε
931 2484 1065 2572 ἀναθή-

61 2615 148 2676 ματα
164 2591 197 2667 ές
206 2588 364 2674 Δελφούς
376 2588 439 2657 ούκ
451 2586 557 2676 ὀλίγα,
573 2584 642 2656 ἀλλ’
655 2583 718 2653 ὅσα
733 2587 796 2671 μὲν
810 2581 963 2671 ύργύρου
980 2581 1064 2652 ἄνα-

59 2679 1063 2773 θύματοςέστιοίπλεῖσταένΔελφολσι,πύρεξδὲτούίργύρου

61 2781 188 2870 χρνσόν
209 2781 353 2852 ίίπλετον
376 2783 562 2871 ἀνέθηκεν,
585 2778 689 2849 ἄλλον
709 2805 744 2847 τε
765 2782 900 2848 καὶτοῦ
921 2781 1064 2866 μάλιστα

60 2882 197 2970 μνήμην
211 2880 306 2962 ἄξιον
321 2889 409 2970 ἔχειν
424 2887 507 2968 έστί,
530 2881 691 2969 κρητῆρές
711 2883 745 2946 οί
759 2876 910 2966 ύριθμδν
930 2881 965 2958 ἓξ
980 2876 1065 2966 χρύ-

61 3003 132 3049 σεοι
148 2978 337 3051 ἀνακέαται.
371 2988 482 3052 ἑστᾶσι
504 2984 540 3050 δὲ
562 2971 656 3048 οὗτοι
672 2980 708 3045 ἐν
722 2983 767 3067 τῷ
785 2982 982 3065 Κορινθίων
996 2986 1065 3064 θη-

60 3087 175 3169 σαυρῷ
193 3078 347 3166 σταθμὸν
363 3087 492 3166 ἔχοντες
507 3078 686 3166 τριήκοντα
700 3076 862 3145 τάλαντα·
890 3072 1012 3163 ἀληθέι
1027 3076 1064 3143 δέ

59 3179 149 3267 λόγῳ
168 3180 345 3268 χρεωμένῳ
374 3176 416 3248 ού
439 3184 636 3267 Κορινθίων
663 3183 724 3244 τού
742 3179 909 3263 δημοσίου
939 3175 1008 3245 ἐστὶ
1043 3169 1062 3245 ὅ

59 3276 251 3364 θησαυρὸς,
274 3275 359 3346 ύλλδ
380 3282 540 3360 Κυψέλου
563 3283 624 3344 τού
644 3272 827 3355 Ἠετίωνος.
866 3267 965 3355 ούτος
986 3274 1063 3344 δὲὸ

62 3375 170 3462 Γύγης
190 3384 320 3461 πρῶτος
340 3377 523 3465 βαρβάρων
543 3381 611 3444 τεόν
631 3372 725 3460 ἡμεῖς
747 3378 843 3459 δδμεν
857 3375 889 3451 ἐς
904 3371 1064 3458 Δελφούς
