2354 3840
274 199 360 258 ΗΒ.
388 199 420 254 11.
455 198 553 255 cAP.
587 206 726 262 27—83.
942 198 1003 262 155

28 363 138 442 έσθαι,
164 353 383 424 ἀποθανόντα
408 353 441 423 δ’
467 353 572 424 αύτδν
598 356 733 444 ἄνωρον
757 359 918 448 θρήνοισι
941 354 1001 426 ὑπ’

28 460 196 541 ’ίγυπτίων
217 459 417 540 τιμηθῆναι,
449 455 504 520 καὶ
524 450 644 540 ἀοιδήν
663 480 699 523 τε
719 457 845 542 ταύτην
866 455 1003 543 πρύτην

28 554 53 619 ιλ
66 551 200 637 μούνην
217 556 311 637 σφίσι
331 553 500 635 γενέσθαι.
547 554 788 640 Σνμφέρονται
804 555 840 619 δὲ
855 554 911 619 καὶ
924 549 1002 618 τόδε
1015 563 1051 618 80

28 658 78 718 λλο
108 650 288 734 Αίγύπτιοι
304 645 478 734 Ἑλλήνων
505 648 661 733 μούνοισι
690 653 1002 734 Λακεδαιμονίοισι·

28 747 202 832 Ινεώτεροι
217 744 329 813 αύτοῑν
343 760 427 812 τοῖσι
445 749 699 833 πρεσβυτέροισι
717 743 1003 830 συντυγχάνοντες

28 856 128 912 ’κουσι
141 851 199 930 τής
220 841 302 912 ὁδοῦ
324 844 378 910 καὶ
393 844 612 930 ἐκτρέπονται
632 845 688 911 καὶ
708 847 839 912 έπιούσι
856 844 889 921 ἐξ
905 843 1003 927 ἕδρης

28 944 245 1010 τανιστέαται.
289 940 366 1008 τόδε
387 944 502 1026 μέντοι
525 939 606 1008 ἄλλο
631 939 801 1028 Ἑλλήνων
826 937 1003 1026 οὐδαμοῖσι

28 1045 243 1128 ιμφέρονται·
261 1036 335 1106 ἀντὶ
349 1045 410 1105 τοῦ
421 1037 687 1126 προσαγορεύειν
701 1038 866 1126 ἀλλήλους
880 1040 923 1104 έν
927 1044 1002 1124 τησι
1033 1104 1035 1109 .

28 1143 106 1206 λοισι
127 1138 374 1223 προσκυνέουσι
388 1138 555 1213 κατιέντες
571 1139 665 1221 μέχρι
679 1144 741 1204 τοῦ
761 1137 925 1223 γούνατος
939 1131 1002 1233 τήν
1055 1219 1057 1224 ,

28 1250 99 1320 ῖρα.
140 1232 354 1302 Ἐνδεδύκασι
371 1235 408 1301 δέ
423 1240 573 1311 κιθῶνας
588 1238 720 1313 λινέους
734 1237 810 1320 περὶ
826 1260 866 1301 τα
854 1221 1002 1300 σκέλεα
1014 1250 1047 1304 81

28 1328 234 1417 υσανωτούς,
255 1327 334 1409 τούς
349 1332 506 1398 καλέουσι
522 1336 709 1417 καλασίρις·
736 1333 789 1398 ἐπὶ
801 1329 950 1396 τούτοισι
964 1325 1001 1393 δὲ

28 1435 121 1512 ρίνεα
137 1431 252 1512 είματα
267 1424 370 1494 λευκοὶ
386 1423 619 1512 ἐπαναβληδὸν
635 1430 805 1513 φορέουσι.
833 1451 875 1501 ον
864 1422 1000 1509 ’μέντοι

43 1550 82 1609 γε
103 1521 142 1590 τοὶ
158 1522 214 1611 ίρδι
235 1526 408 1609 ἐσφέρεται
430 1528 571 1610 εἰρίνεα,
594 1522 674 1592 ούδὲ
688 1523 1003 1610 συγκαταθάπτεταί

28 1647 73 1698 οι·
97 1618 217 1707 οὐγὰρ
233 1618 337 1687 ὅσιον.
374 1617 597 1705 ὁμολογέουσι
612 1623 648 1688 δέ
662 1628 766 1689 ταῦτα
780 1634 866 1688 τοῖσι
884 1617 993 1704 Ὀρφι

28 1736 83 1788 ιισι
98 1723 328 1806 καλεομένοισι
345 1723 401 1789 καὶ
411 1730 616 1810 Βακχικοῖσι,
635 1727 728 1792 έοῦσι
739 1726 833 1791 δὲΑί
787 1729 1001 1810 Αίγυπτίοισι

28 1823 49 1887 ιὶ
63 1824 338 1906 Πυθαγορείοισι.
376 1816 513 1886 ούδέ
470 1846 538 1919 γαρ
553 1822 683 1889 τούτων
697 1828 766 1888 τῶν
783 1819 909 1908 ὀργίων
922 1846 998 1905 μετ

29 1944 112 1985 οντα
127 1915 223 1986 ὅσιόν
246 1920 314 1985 έστι
335 1919 418 1985 ένί
388 1921 558 2005 είρινέοισι
576 1922 686 2004 ειμασι
700 1926 890 2005 θαφθῆναι.
931 1923 1000 1985 ἔστι

28 2020 122 2103 περὶ
136 2014 250 2084 αύτων
264 2014 336 2103 ίρός
351 2017 451 2103 λόγος
465 2019 655 2104 λεγόμενος

79 2114 243 2182 Καὶ’τύδε
264 2111 347 2181 ἄλλα
367 2120 584 2199 Αἰγυπτίοισί
601 2118 669 2182 ἐστι
684 2119 902 2203 ἐξευρημένα,
928 2119 999 2201 μείς
1014 2135 1048 2189 82

48 2215 104 2280 καὶ
123 2209 230 2299 ἡμέρη
252 2211 372 2299 ε’κύστη
394 2219 488 2280 θεῶν
512 2211 695 2300 ὅτευ-ἐστι’,
725 2216 780 2281 καὶ
800 2220 840 2302 τῇ
864 2215 1000 2292 ἕκαστος

28 2313 99 2398 ιέρη
113 2309 296 2396 γενόμενος
311 2308 433 2378 ὁτέοισι
449 2312 626 2398 έγκυρήσει
641 2313 696 2379 καὶ
711 2310 797 2389 ὅκως
812 2310 1000 2396 τελευτήσει

28 2410 48 2474 ιὶ
71 2405 183 2486 ὁκοῖός
202 2433 251 2485 τις
272 2414 380 2475 ἔσται·
407 2411 463 2475 καὶ
477 2409 626 2477 τούτοισι
640 2408 892 2495 τῶνἙλλήνων
913 2411 948 2474 οί
963 2408 999 2472 ἐν
1076 2428 1096 2443 ··

28 2509 108 2595 ιιήσι
132 2507 311 2593 γενόμενοι
333 2508 524 2596 ἐχρήσαντο.
565 2510 686 2596 τέρατύ
701 2534 736 2576 τε
757 2511 846 2576 πλέω
862 2528 923 2594 σφι
938 2502 1000 2574 αἰυ-

28 2608 131 2693 ῖρηται
147 2601 168 2692 ή
182 2621 268 2674 τοῖσι
281 2604 412 2674 ἄλλοισι
429 2605 533 2675 ἅπασι
551 2603 774 2694 ἀνθρώποισι.
813 2609 1000 2693 γενομένου

28 2712 56 2787 ἔρ
73 2705 210 2786 τέρατος
231 2703 443 2790 φυλάσσουσι
464 2705 674 2790 γραφόμενοι
696 2703 923 2792 τώποβαῖνον,
945 2706 1000 2772 καὶ

28 2829 34 2854 r
60 2826 137 2867 κοτε
160 2800 304 2885 ὕστερον
328 2802 564 2888 παραπλήσιον
594 2802 702 2892 τούτῳ
734 2805 886 2888 γένηται,
915 2796 999 2868 κατὰ
1044 2822 1048 2833 ’

28 2893 98 2963 ἰυτό
128 2903 301 2982 νομίζουσι
332 2896 574 2985 ἀποβήσεσθαι.
623 2899 781 2987 Μαντική
808 2901 845 2966 δὲ
868 2896 999 2968 αύτοίσι
1013 2921 1047 2976 93

28 2997 58 3059 δε
82 2996 257 3061 διακέεται.
303 2993 499 3080 ύνθροόπων
529 3000 592 3082 μὲν
618 2994 732 3064 ούδενί
755 2999 952 3082 προσκέεται
975 2993 997 3084 ή

28 3115 97 3174 ηνη,
122 3095 190 3156 τῶν
209 3091 245 3156 δέ
261 3098 356 3158 θεῶν
369 3096 615 3180 μετεξετέροισι.
664 3095 719 3160 καὶ
738 3091 803 3178 γὰρ
818 3091 998 3177 Ἡρακλέος

28 3191 152 3276 ιντήιον
170 3185 293 3256 αὐτόθι
305 3191 375 3258 ἔστι
392 3194 448 3258 καὶ
459 3188 668 3269 Ἀπόλλωνος
683 3193 738 3259 καὶ
749 3188 928 3278 Ἀθηναίης
942 3193 998 3260 καὶ

28 3286 176 3374 ητέμιδος
204 3289 259 3353 καὶ
277 3285 394 3373 ’Ἄρεος
416 3291 471 3355 καὶ
490 3291 592 3376 Διός,
621 3290 677 3356 καὶ
690 3288 729 3356 τό
749 3313 788 3373 γε
803 3287 945 3373 μάλιστα
959 3289 997 3356 έν

28 3391 66 3469 ιή
81 3381 224 3469 ἄγονται
239 3383 376 3450 πόντων
390 3391 458 3451 τῶν
472 3393 654 3473 μαντηίων,
676 3392 808 3472 Λητοῦς
822 3389 859 3453 ἐν
874 3397 998 3455 Βουτοί
