2354 3840
245 279 247 283 ,
301 174 401 284 Ι[ΑΒ.
434 227 479 284 Ν.
513 225 611 283 CAP.
645 229 819 287 leo—184.
1003 217 1065 283 373

10 428 13 439 =
64 384 142 464 τούς
164 391 318 472 φοίνικας
340 386 519 468 φοιτέουσι.
562 379 641 450 ’Aua
667 383 704 450 δέ
725 380 885 467 Αὐγίλων
909 378 964 448 διὰ
987 381 1066 448 δέκα
1085 387 1122 450 18‘

10 528 12 563 :
62 484 215 573 ἡμερέων
230 482 341 551 άλλων
356 481 438 550 ὁδοῦ
455 484 565 570 ἕτερος
581 480 661 562 ἆλός
678 480 826 561 κολωυός
837 484 892 550 καί
905 479 998 564 ὕδωρ
1009 481 1066 547 καί

63 589 213 668 φοίνικες
229 577 441 668 καρποφόροι
457 581 571 649 πολλοὶ
581 578 755 666 ,κατάπερ
777 582 831 648 καὶ
846 583 882 648 έν
895 594 980 648 τοῖσι
996 582 1065 648 ἑτέ-

62 701 166 769 ροισι·
192 682 247 746 καί
268 677 500 773 άνθρωπμιί
466 681 613 745 οίκέουσι
639 679 675 743 έν
700 674 807 768 αύτῷ,
829 691 914 745 τοῖσι
935 673 1064 761 ούυομα

61 779 332 863 Γαράμαντές
355 779 439 860 ἐστι,
462 780 562 851 ἔθνος
584 777 704 860 μέγαί
703 781 849 860 σχυρῶς,
871 781 906 841 οἳ
927 775 979 840 ἐπὶ
1004 769 1064 839 τόν

58 875 128 943 άλα
149 882 214 961 γῆν
230 876 464 995 ἐπιφορέοντες
482 871 571 938 ούτω
592 878 774 958 σπείρουσι.
789 871 1066 995 συντομώτατον

63 973 95 1043 δ’
113 977 179 1042 ἐστὶ
194 977 226 1052 ές
241 971 319 1052 τούς
331 973 574 1057 Λωτοφάγους,
592 973 627 1038 ἐκ
641 978 709 1038 τῶν
723 971 900 1059 τριήκοντα
915 971 1066 1060 ἡμερέων

63 1073 97 1150 ές
112 1068 235 1149 αύτούς
250 1069 329 1149 ὁδός
345 1072 429 1155 ἐστι,
453 1074 489 1136 έν
510 1084 595 1136 τοῖσι
617 1072 672 1136 καί
695 1074 729 1137 οί
744 1067 968 1156 ὀπισθονόμοι
990 1068 1067 1158 βόες

63 1176 223 1255 γίνονται.
248 1166 473 1254 ὀπισθονόμοι
485 1167 521 1234 δὲ
533 1164 588 1233 διά
599 1168 675 1234 τάδε
693 1173 774 1235 εἰσί·
792 1167 831 1235 τά
844 1176 942 1257 κέρεα
955 1175 1065 1254 ἔχουσι

62 1266 233 1352 κεκυφότα
248 1269 281 1346 ές
294 1266 331 1335 τό
350 1274 528 1355 ἔμπροσθε,
553 1263 608 1333 διά
623 1274 722 1334 τοῦτο
734 1265 839 1336 ὀπίσω
854 1267 1066 1357 ἀναχωρέου-

61 1393 116 1444 τες
132 1372 304 1453 νέμονται·
327 1371 360 1447 ές
376 1364 440 1454 γάρ
455 1364 492 1434 τό
509 1371 680 1452 ἔμπροσθε
695 1364 758 1433 ούκ
774 1364 842 1435 οἷοί
855 1371 893 1436 τε’
902 1374 965 1436 είσι
980 1392 1066 1455 κρο-

60 1467 299 1551 ἐμβαλλόντων
323 1469 356 1544 ές
378 1461 440 1551 τὴν
464 1471 528 1550 γῆν
548 1471 617 1531 τῶν
638 1467 773 1551 κερέων.
808 1462 888 1532 άλλο
906 1467 942 1532 δὲ
965 1461 1065 1530 οὐδὲν

24 1564 30 1568 ’
63 1567 262 1650 διαφέρουσι
278 1572 347 1632 τῶν
358 1562 470 1631 άλλωυ
480 1571 589 1650 βοάν,
605 1562 656 1631 ότι
671 1562 715 1650 μὴ
730 1572 829 1633 τοῦτο
846 1569 901 1634 καὶ
911 1563 948 1632 τό
961 1569 1066 1652 δέρμα
1086 1644 1088 1649 ¹

64 1665 97 1738 ές
108 1661 284 1748 παχύτητά,
293 1688 329 1729 τε
339 1663 394 1730 καί
405 1677 540 1750 τρίψιν
551 1669 585 1731 οἱ
596 1662 812 1750 Γαράμαντες
827 1662 863 1732 δὲ
879 1657 972 1733 οὗτοι
988 1661 1066 1743 τούς

63 1761 296 1847 τρωγλοδύτας
322 1767 491 1841 Αδθίοπας
515 1762 704 1849 θηρεύουσι
730 1779 815 1830 τοῖσι
841 1772 1064 1850 τεθρίπποισι,

62 1863 98 1927 ol
116 1857 181 1945 γὰρ
205 1860 433 1947 τρωγλοδύται
451 1866 615 1938 Αίθίοπες
636 1860 741 1938 πόδας
757 1861 904 1947 τάχιστοι
927 1862 1066 1950 άνθροό-

63 1983 138 2026 πων
153 1958 290 2028 πάντων
312 1963 389 2048 είσὶ,
412 1968 481 2029 τῶν
496 1959 591 2049 ἡμεῖς
613 1964 689 2047 πέρι
709 1961 831 2047 λόγους
854 1961 1066 2052 ἀποφερομέ-

63 2085 145 2136 νους
162 2056 340 2146 άκούομευ.
372 2064 536 2130 σιτέονται
554 2062 590 2129 δὲ
612 2065 647 2128 οί
660 2059 888 2147 τρωγλοδύται
911 2061 988 2149 όφις
1011 2066 1065 2132 καί

64 2158 191 2244 σαύρας
206 2161 260 2228 καί
275 2157 316 2228 τά
331 2168 468 2228 τοιαῦτα
483 2169 551 2228 τῶν
563 2165 725 2248 ἑρπετόν·
747 2166 902 2245 γλῶσσαν
917 2162 952 2229 δὲ
967 2161 1063 2230 ούδε·

63 2264 122 2344 μιῇ
146 2255 229 2345 άλλῃ
250 2267 439 2343 παρομοίην
461 2265 673 2342 νενομίκασι,
693 2254 777 2323 άλλά
795 2265 961 2345 τετρίγασι
971 2257 1070 2324 κατά-

64 2377 126 2434 περ
139 2358 175 2417 αί
183 2357 383 2438 νυκτερίδες.
419 2351 497 2420 'And
512 2357 548 2421 δὲ
560 2353 790 2440 Γαραμάντων
801 2351 847 2420 δι’
864 2353 976 2424 άλλωυ
988 2362 1066 2425 δέκα
1086 2365 1132 2420 184

61 2445 214 2535 ἡμερέων
230 2444 313 2515 ὁδοῦ
329 2447 429 2528 ἄλλος
443 2448 524 2530 διλός
534 2476 569 2519 τε
580 2447 728 2529 κολωνός
742 2454 797 2520 καὶ
808 2444 918 2539 ύδωρ,
934 2458 989 2522 καὶ
1003 2453 1066 2521 άν-

61 2554 198 2628 θρωποι
213 2545 348 2629 περί’
306 2543 410 2614 αυτόν
433 2550 598 2634 οἰκέουσι,
622 2562 715 2616 τοῖσι
724 2546 853 2635 οὔνομα
845 2547 960 2617 ”έστι
959 2551 1065 2621 Ατά-

61 2669 226 2730 ραντες,
250 2641 474 2765 οΐάνιύνυμοί
483 2651 545 2713 ίσι
556 2672 677 2738 μουνοι
688 2644 883 2733 ανθρωπων
894 2675 962 2716 των
972 2646 1065 2736 ημείς

61 2744 174 2830 ίδμεν·
198 2736 291 2809 όλέσι
306 2742 427 2828 μέν’
383 2769 448 2863 γαρ
471 2763 532 2828 σφι
526 2745 615 2810 ’ἐστι
631 2741 826 2868 Ἀτάραντες
841 2745 987 2832 ούνομα,
1016 2749 1064 2814 ἑνὶ

61 2839 132 2907 δὲ’
116 2838 241 2928 εκάστφ
262 2837 375 2907 αύτων
396 2839 526 2925 ούνομα
543 2838 645 2909 οὐδὲν
665 2847 782 2911 κέεται.
812 2836 906 2911 οὗτοι
921 2871 966 2934 τφ
952 2841 1064 2934 ἡλίφ

59 2935 307 3023 ὑπερβάλλοντι
321 2942 538 3026 καταρέονται
555 2941 610 3008 καί
630 2938 714 3028 πρός
735 2941 883 3009 τούτοισι
898 2941 1007 3008 πάντα
1023 2936 1063 3008 τά

60 3030 178 3118 αἰσχρά
193 3034 474 3122 λοιδορέονται,
453 3062 504 3104 οτι
516 3037 620 3121 σφέας
634 3044 739 3104 καίων
751 3040 925 3126 ἐπιτρίβει,
940 3035 1064 3116 αύτούς

58 3156 95 3198 τε
110 3124 188 3207 τούς
203 3127 408 3217 ἀνθρώπους
422 3131 534 3200 καὶ
498 3160 561 3219 την
580 3134 693 3222 χόρην
715 3132 835 3203 αύτοόν.
859 3133 941 3221 μετὰ
963 3136 999 3203 δέ
1016 3131 1061 3202 δι’

59 3226 173 3297 αλλων
184 3230 263 3297 δέκα
274 3227 427 3317 ημερέων
438 3228 522 3300 οδου
533 3229 633 3310 αλλος
643 3231 791 3311 κολωνος
802 3229 882 3310 αλος
893 3234 947 3300 καὶ
958 3230 1063 3319 υδωρ,

59 3321 155 3391 καθ’
133 3335 310 3412 ανθρωποι
330 3325 465 3415 περὶ’
423 3325 527 3395 αυτόν
549 3332 705 3396 οἰκέουσι.
729 3334 835 3415 ἔχεται
850 3329 886 3396 δὲ
905 3353 966 3395 του
952 3323 1064 3407 ἁλός

59 3419 183 3488 τούτου
201 3415 320 3519 ούρος,
341 3431 388 3516 τῷ
408 3422 539 3511 ούνομά
559 3425 763 3505 ἐστι’Ἁτλας.
793 3425 913 3494 ἔστιδὲ
930 3421 1062 3494 στεινόν
