2354 3840
118 184 180 246 302
492 188 742 246 HERODOTI

120 342 367 430 ἀφανισθῆναι,
389 350 492 431 σφέας
513 344 549 412 δὲ
563 352 812 417 Μεταποντῖνοι
830 351 967 434 λέγουσι
983 353 1018 427 ἐς
1029 355 1115 419 Λελ-

119 441 206 529 φοός
228 446 420 530 πέμψαντας
442 440 607 511 τὸνθεόν
630 445 829 531 ἐπειρωτᾶν,
851 443 872 512 ό
890 472 923 513 τι
941 443 981 513 τό
1003 443 1114 530 φάσμα

119 549 178 610 τοῦ
196 539 384 629 ἀνθρώπου
400 551 459 626 είη.
482 538 544 626 τήν
559 542 595 607 δὲ
609 546 747 625 Πυθίην
761 545 866 627 σφέας
880 540 1033 609 κελεύειν
1045 545 1112 607 πεί-

117 649 243 707 θεσθαι
265 647 311 727 τῷ
333 639 497 724 φάσματι,
525 640 757 723 πειθομένοισι
782 637 818 705 δέ
842 637 982 723 ἄμεινον
1001 642 1113 703 συνοί-

118 747 248 806 σεσθαι.
280 740 337 804 καί
349 740 453 822 σφέας
474 739 678 820 δεξαμένους.
688 742 791 803 ταῦτα
806 743 941 820 ποιήσαι
958 737 1110 803 ἐπιτελέα.

120 839 174 903 καὶ
189 843 254 903 νῦν
269 838 384 922 ἕστηκε
394 831 532 919 ἀνδριάς
546 837 739 917 ἐπωνυμίην
753 839 838 918 ἔχων
857 827 1015 916 Ἀριστέω
1036 824 1110 916 παρ’

120 933 209 1023 αὐτῷ
232 939 279 1023 τῷ
306 929 469 1018 ἀγάλματι
494 938 554 999 τοῦ
575 929 799 1014 Ἀπόλλωνος,
830 930 924 1013 πέριξ
951 928 988 994 δὲ
1013 923 1111 993 αὐτόν

120 1029 246 1114 δάφναι
261 1033 383 1115 ἑστᾶσι,
395 1028 432 1097 τό
445 1033 481 1096 δὲ
496 1026 626 1113 ἀγαλμα
640 1031 678 1095 ἐν
687 1034 727 1114 τή
742 1024 847 1115 ἀγορῇ
856 1028 1001 1112 ἵδρυται.
1028 1022 1109 1111 Ἀρι-

119 1128 203 1194 στέω
232 1129 294 1211 μέν
307 1152 374 1193 νυν
387 1129 463 1213 πέρι
477 1131 621 1193 τοσαῦτα
637 1124 792 1211 εἰρήσθω.
1115 1162 1123 1167 -

75 1237 105 1290 16
207 1232 273 1312 Τῆς
283 1227 320 1292 δὲ
335 1232 405 1310 γῆς,
420 1231 479 1310 τῆς
487 1227 563 1311 πέρι
577 1221 665 1291 όδεὸ
679 1222 778 1308 λόγος
789 1219 937 1309 ἀρμηται
946 1223 1110 1306 λέγεσθαι,

119 1320 227 1400 οὐδεὶς
248 1320 316 1389 οἶδε
338 1319 515 1408 ἀτρεκέως,
534 1321 555 1389 ό
565 1349 596 1390 τι
607 1321 645 1391 τδ
658 1319 853 1405 κατύπερθέ
870 1321 955 1386 ἐστι·
977 1312 1111 1397 οὐδενὸς

118 1419 182 1507 γάρ
199 1420 238 1507 δή
254 1415 425 1488 αὐτόπτεω
441 1421 564 1488 εἰδέναι
584 1421 736 1505 φαμένου
758 1416 904 1502 δύναμαι
925 1418 1109 1483 πυθέσθαι·

118 1517 197 1586 οὐδὲ
211 1514 275 1604 γάρ
290 1515 369 1586 οὐδὲ
380 1516 560 1604 Ἀριστέης,
588 1522 714 1606 τοῦπερ
736 1513 837 1604 ὀλίγῳ
856 1513 1024 1602 πρότερον
1036 1511 1111 1580 τού-

119 1640 186 1682 των
200 1613 334 1700 μνήμην
349 1615 539 1701 ἐποιεύμην,
556 1613 635 1682 οὐδὲ
646 1607 744 1692 οὗτος
756 1615 958 1700 προσωτέρω
969 1606 1111 1698 Ἰσσηδό-

119 1740 189 1781 νων
212 1717 250 1781 ἐν
269 1711 398 1783 αὐτοῖσι
421 1731 506 1785 τοῖσι
532 1722 624 1784 ἔπεσι
649 1719 772 1783 ποιέων
797 1720 901 1801 ἔφησε
922 1713 1111 1797 ἀπικέσθαι,

120 1810 203 1881 ἀλλά
228 1811 268 1880 τοὶ
288 1814 479 1900 κατύπερθε
503 1820 595 1899 ἔλεγε
615 1810 716 1900 ἀκοή,
738 1810 805 1898 φάς
822 1809 1012 1897 Ἰσσηδόνας
1029 1808 1112 1877 εἶναι

119 1909 198 1990 τούς
210 1919 313 1978 ταῦτα
327 1913 492 1997 λέγοντας.
517 1907 590 1979 ἀλλ’
606 1908 691 1978 ὅσον
706 1912 768 1994 μὲν
782 1905 875 1994 ἡμεῖς
886 1905 1050 1992 ἀτρεκέως
1062 1907 1112 1973 ἐπὶ

117 2008 325 2094 μακρότατον
336 2003 403 2077 οἷοί
414 2007 443 2076 τ’
459 2010 645 2095 ἐγενόμεθα
657 2006 740 2095 ἀκοή
752 2008 930 2093 ἐξικέσθαι,
942 2011 1012 2072 πᾶν
1023 2002 1113 2091 είρή-

74 2120 102 2174 17
120 2123 219 2171 σεται.
260 2103 338 2172 Ἀπδ
359 2112 420 2173 τοῦ
433 2109 726 2195 Βορυσθενεϊτέων
743 2109 904 2191 ἐμπορίου
921 2110 1035 2193 (τοῦτο
1050 2098 1112 2187 γὰρ

117 2207 185 2269 τῶν
199 2209 484 2285 παραθαλασσίων
498 2204 695 2289 μεσαίτατόν
709 2207 777 2273 ἐστι
791 2203 899 2289 πόσης
912 2210 971 2288 τής
981 2210 1112 2270 Σκυθι-

118 2302 209 2384 κῆς),
232 2296 297 2366 ἀπὸ
318 2300 440 2368 τούτου
462 2310 586 2389 πρῶτοι
608 2307 809 2380 Καλλιπίδατ
828 2305 987 2389 νέμονται
1006 2300 1112 2374 ἐόντες

110 2395 265 2482 Ἕλληνες
279 2400 433 2486 Σκύθαι,
448 2399 533 2487 ὑπὲρ
548 2404 584 2469 δὲ
598 2401 727 2470 τούτων
740 2399 822 2469 ἀλλο
837 2407 954 2484 ἔθνος,
971 2403 1007 2466 οἳ
1020 2394 1112 2464 Ἀλα-

119 2499 216 2572 ζεῐνες
230 2499 412 2565 καλέονται.
435 2492 528 2567 οὗτοι
540 2500 577 2567 δὲ
586 2500 642 2567 καὶ
654 2504 688 2568 οί
696 2503 896 2569 Καλλιπίδαι
906 2495 946 2565 τά
958 2497 1021 2583 μέν
1032 2492 1112 2562 ἀλλο

118 2588 200 2656 κατά
217 2589 320 2658 ταότά
331 2596 489 2684 Σκύθησι
501 2599 710 2682 ἐπασκέουσι,
722 2612 816 2665 σίτου
827 2597 863 2665 δὲ
873 2600 927 2664 καί
941 2601 1112 2681 σπείρουσι

118 2691 172 2755 καί
189 2693 367 2777 σιτέονται,
382 2699 437 2761 καὶ
450 2697 605 2782 κρόμμυα
619 2700 674 2764 καί
689 2696 835 2785 σκόροδα
850 2697 904 2763 καί
913 2690 1047 2779 φακούς
1062 2690 1111 2757 καί

117 2791 284 2875 κέγχρους.
309 2789 392 2879 ὑπὲρ
408 2795 444 2861 δὲ
462 2793 654 2876 Ἀλαζόνων
670 2798 815 2862 οἰκέουσι
833 2793 971 2861 Σκύθαι
993 2781 1110 2874 ἀροτή-

117 2911 187 2970 ρες,
211 2892 244 2952 οἳ
267 2884 329 2955 οόκ
355 2890 407 2956 ἐπὶ
427 2889 536 2978 σιτήσι
557 2899 732 2979 σπείρουσι
751 2891 811 2959 τόν
832 2906 941 2975 σῖτον,
964 2883 1041 2956 ἀλλ’
1064 2884 1111 2953 ἐπί

116 2981 226 3067 πρήσι.
250 2982 379 3052 τούτων
390 2986 427 3054 δὲ
439 2987 631 3073 κατύπερθε
643 2992 789 3058 οίκέουσι
800 2991 943 3071 Νευροί,
968 2987 1110 3072 Νευρῶν

117 3079 152 3144 δὲ
163 3075 199 3145 τό
211 3076 295 3161 πρός
304 3084 428 3169 βορέην
442 3081 567 3170 ἀνεμον
577 3090 697 3172 έρῆμος
708 3083 911 3181 ἀνθρώπων,
927 3080 1011 3152 ὅσον
1022 3079 1111 3168 ἡμεῖς

116 3180 220 3262 ίδμεν.
244 3183 346 3245 ταῦτα
361 3179 424 3266 μὲν
434 3180 523 3269 παρὰ
538 3180 748 3252 τόνὟπανιν
759 3180 910 3267 ποταμόν
926 3181 994 3247 ἐστι
1012 3184 1111 3246 ἐθνεα

73 3298 102 3352 13
118 3271 201 3357 πρὸς
227 3272 364 3360 ἑσπέρης
390 3285 451 3345 τοῦ
471 3281 712 3363 Βορυσθένεος.
759 3275 854 3364 Ἀτάρ
880 3272 1035 3361 διαβάντι
1056 3268 1111 3339 τόν

115 3372 330 3456 Βορυσθένεα
352 3370 418 3441 ἀπὸ
441 3374 614 3459 θαλάσσης
633 3380 768 3462 πρῶτον
784 3374 845 3459 μὲν
860 3370 880 3458 ή
896 3367 1026 3455 Ὑλαίη,
1049 3363 1110 3437 ἀπό
1149 3418 1154 3457 ,
