2354 3840
80 213 121 273 82
455 215 706 272 HERODOTI

79 381 170 443 ἔσται
191 380 342 461 ἔλλεσχα,
364 369 448 441 ἀλλά
463 369 503 439 τά
519 372 638 459 οἰκήια.
687 380 799 440 Ταῦτα
821 375 854 451 ἐς
868 370 947 451 τούς
962 370 1085 451 πάντας
1094 400 1103 447 ·,

70 469 232 558 Ἕλληνας
248 468 412 556 ἀπέρριψε
426 467 445 536 ὁ
460 475 574 555 Κῦρος
587 467 627 536 τά
643 475 741 557 έπεα,
757 468 809 538 ὅτι
823 467 949 558 ἀγοράς
965 465 1115 557 '‘16⁶⁰'st

79 592 174 652 μενοι
193 564 261 654 εἰνή
276 591 311 633 τε
326 569 380 632 καλ
394 565 498 652 πρήσι
517 567 689 652 χρέονται·
722 562 818 634 αὐτοὶ
832 564 898 652 γάρ
915 570 948 634 οἱ
959 566 1085 650 Πέρσαι

78 658 219 749 ἀγορῇσι
234 659 334 730 οὐδέν
350 661 474 730 έιόθασι
489 667 654 749 χρᾶσθαι,
676 659 758 730 οὐδέ
770 684 831 748 σφι
844 668 912 731 έστι
928 661 966 731 τό
979 660 1085 749 παρά-

79 789 147 829 παν
162 758 278 848 ἀγορή.
311 757 392 847 μετά
407 767 512 828 ταῦτα
526 761 703 847 ἐπιτρέψας
725 758 783 839 τάς
797 761 859 847 μέν
873 760 1004 845 Σάρδις
1023 768 1085 829 Τα-

79 859 171 978 βάλῳ
187 856 285 947 ἀνδρὶ
299 860 432 947 Πέρση,
453 856 514 926 τὸν
537 860 573 927 δέ
587 857 716 945 χρυσόν
736 857 798 926 τόν
811 885 847 926 τε
861 866 1014 945 Κροίσου
1035 862 1084 928 καί

80 955 140 1025 τόν
160 963 228 1024 τῶν
248 955 359 1078 ἀλλων
380 961 504 1026 Λυδῶν
524 958 665 1046 Πακτόη
685 954 784 1044 ἀνδρί
804 961 907 1048 Λυδῷ
928 964 1103 1083 κομίζειν,’

80 1052 254 1143 ἀπήλαυνε
267 1051 368 1134 αὐτὸς
383 1054 436 1134 ές’
430 1057 635 1180 Αγγλάτανα,
660 1057 809 1144 Κροισόν
829 1085 864 1126 τε
879 1056 948 1145 άμα
963 1056 1129 1177 άγόμι.»-ῗΙ

81 1179 139 1230 νος
159 1154 214 1219 καί
240 1149 319 1230 τοὺς
330 1150 490 1232 ”Ιωνας’
473 1181 510 1222 εν
532 1153 646 1222 οὐδενί
669 1155 760 1270 λόγῳ
780 1156 1009 1242 ποιησάμενος
1028 1155 1129 1245 τήνς

79 1248 217 1368 πρότην
238 1248 388 1319 είναι.”
365 1278 385 1336 η
407 1277 442 1317 τε
464 1249 530 1337 γάρ
545 1245 712 1338 Βαβυλάν
733 1245 808 1321 οί
785 1279 830 1340 ην
851 1253 1014 1338 ἐμπόδιος·
1034 1257 1083 1323 καί
1126 1222 1129 1353 6

78 1346 115 1417 τό
131 1347 299 1436 Βάκτριον
314 1353 416 1427 ἔθνος
429 1351 484 1416 καί
498 1349 609 1417 Σάκαι
623 1376 658 1417 τε
673 1353 789 1417 καὶί
742 1355 789 1417 Ac
787 1349 941 1436 γόπτιοι,
964 1346 1070 1418 έπ’“
1029 1376 1083 1431 ους
1127 1376 1129 1407 ι

78 1446 186 1531 ἐπεῖχέ
198 1470 233 1511 τε
248 1444 559 1531 στρατηλατέειν’
517 1445 629 1533 αυτὸς,
644 1450 696 1515 ἐπὶ
711 1447 763 1516 δὲ’
762 1448 875 1528 Ίωνας
885 1446 990 1517 ἀλλον
1004 1450 1082 1537 πέμ·
1127 1460 1129 1465 ’

38 1568 68 1623 ’,η
78 1567 154 1610 πειν
169 1540 365 1628 στρατηγόν.
405 1541 463 1622 ,Ως
475 1545 512 1612 δὲ
527 1541 706 1631 άπήλασε“
691 1572 710 1613 ο
726 1554 840 1633 Κῦρος
857 1550 978 1616 ἐκτῶν
993 1558 1082 1665 Σαρ-

78 1645 178 1723 δίων,
200 1636 279 1717 τούς
293 1637 465 1719 Λνδούς’
446 1643 610 1729 ἀπέστησε
626 1671 643 1711 ο
631 1642 856 1731 ’Πακτύης’
837 1646 904 1715 από
918 1674 955 1715 τε
974 1644 1082 1735 Ταβά-

78 1744 142 1805 λου
157 1736 212 1802 καί
226 1733 358 1853 Κόρου,
372 1736 519 1825 καταβάς
534 1740 602 1807 δέ’
586 1766 639 1808 επι
652 1740 880 1829 θάλασσαν,
856 1769 915 1810 ατε
929 1741 992 1811 τόν
1004 1768 1082 1830 χρυ·

79 1831 142 1902 σὸν
164 1840 249 1921 έχων
271 1833 381 1902 πάντα
402 1833 462 1903 τόν
483 1839 609 1905 ἐκτῶν
629 1844 806 1927 Σαρδίων,
829 1840 1033 1928 ἐπικούρους
1050 1864 1082 1907 τε

80 1934 260 2019 ἐμισθοῦτο
279 1934 334 1999 καὶ
354 1930 433 2012 τούς
457 1936 720 2016 ἐπιθαλασσίους
742 1934 951 2025 ἀνθρώπους
971 1935 1082 2007 έπειθε

79 2028 145 2097 σόν
167 2033 280 2121 ἑωυτῷ
302 2032 554 2117 στρατεύεσθαι.
594 2034 714 2113 ἐλάσας
735 2037 772 2103 δὲ
800 2038 854 2103 ἐπὶ
878 2031 939 2114 τάς
957 2032 1082 2118 Σάρδθ

38 2149 68 2201 55
79 2128 271 2215 ἐπολιόρκεε
286 2128 442 2216 Τάβαλον
456 2128 669 2217 ἀπεργμένον
684 2133 721 2199 έν
735 2139 775 2221 τή
792 2129 966 2220 ἀκροπόλι.
1011 2137 1080 2197 Πν-

78 2226 225 2313 θόμενος
241 2229 277 2294 δὲ
291 2224 359 2294 κατ’
375 2226 458 2296 ὁδόν
473 2237 576 2297 ταῦτα
592 2226 610 2297 ὁ
626 2236 739 2313 Κῦρος
754 2228 825 2297 εἶπε
838 2226 923 2316 πρός
936 2234 1082 2313 Κροῖσον

78 2324 174 2393 τάδε·
206 2331 342 2410 Κροῖσε,
356 2331 390 2393 τί
402 2331 494 2393 ἔσται
507 2323 544 2393 τό
559 2330 653 2405 τέλος
667 2333 736 2394 τῶν
751 2327 940 2412 γινομένων
954 2322 1082 2392 τούτων

79 2427 168 2510 ε’μοί;
191 2418 233 2490 06
246 2423 434 2490 παύσονται
447 2428 565 2510 Λυδοὶ,
582 2421 627 2502 ὡς
640 2434 767 2510 οίκασι,
789 2423 967 2510 πρήγματα
981 2420 1083 2505 παρέ·

78 2548 191 2610 γοντες
205 2525 260 2590 καὶ
275 2519 369 2591 αὐτοὶ
386 2528 524 2608 ἔχοντες.
548 2528 725 2609 φροντίζω,
741 2518 784 2607 μή
798 2519 937 2605 ἄριστον
951 2511 974 2608 6
989 2520 1082 2599 έξαν-

80 2625 351 2704 δραποδίσασθαί
362 2642 482 2706 σφεας·
505 2618 629 2705 ὁμοίως
642 2619 708 2706 γάρ
720 2645 776 2705 μοι
791 2623 857 2685 νῦν
868 2642 907 2703 γε
922 2621 1084 2702 φαίνομαι
1103 2684 1106 2689 ,

77 2722 312 2806 πεποιηκέναι,
334 2717 430 2796 άςί
400 2729 434 2786 εί
450 2744 500 2797 τις
521 2720 647 2805 πατέρα
661 2716 859 2796 ἀποκτείνας
872 2722 940 2783 τῶν
954 2717 1084 2782 παίδων

78 2817 184 2886 αὐτοῦ
203 2824 364 2903 φείσαιτο.
400 2841 444 2894 ως
465 2815 501 2882 δέ
525 2843 580 2882 και
600 2812 665 2901 έγά
680 2810 852 2882 Λυδων
818 2839 879 2881 τον
900 2811 963 2897 μὲν
982 2809 1084 2878 πλέον

76 2945 108 2984 τι
129 2944 150 3004 η
136 2912 299 2997 πατέρα
322 2912 419 2981 ἐόντα
442 2913 478 2980 σέ
481 2910 651 3037 λαβών
628 2938 716 2998 αγω,
741 2907 871 2979 αότοῑσι
886 2909 923 2976 δὲ
943 2910 1085 2976 Λυδοῖσι

78 3013 140 3101 τήν
157 3013 257 3081 πόλιν
274 3012 463 3097 παρέδωκα,
479 3037 534 3078 και
523 3013 679 3077 ἔπειτεν
702 3003 861 3091 θωμάζω,
890 3013 924 3072 εί
929 3028 989 3090 μοι
1003 3000 1085 3071 άπε-

78 3117 183 3178 στᾶσι.
224 3107 259 3176 ‘0
287 3110 349 3194 μὲν
366 3105 406 3227 δή
429 3106 470 3176 τά
492 3132 555 3227 περ
571 3106 664 3174 ε’νόεε
685 3100 838 3191 ἔλεγε,
823 3129 842 3170 ο
871 3098 903 3169 δ’
930 3098 1085 3189 ἀμείβετο

76 3215 217 3294 τοιοίδε,
239 3213 349 3287 δείσας
364 3204 408 3295 μή
423 3205 633 3285 ἀναστάτους
647 3204 769 3294 ποιήση
785 3199 845 3283 τάς
858 3200 1005 3286 Σάρδις·
1044 3195 1085 3269 Ὦ

75 3312 231 3396 βασιλεῦ,
252 3303 292 3373 τά
314 3306 377 3392 μέν
398 3305 511 3374 οἰκότα
533 3315 684 3393 εἴρηκας,
708 3300 752 3372 σύ
773 3305 887 3390 μέντοι
907 3296 952 3422 μή
974 3299 1085 3370 πάντα

77 3409 177 3487 θυμῷ
195 3405 290 3493 χρέο,
312 3404 396 3490 μηδὲ
411 3404 511 3472 πόλιν
526 3401 667 3493 ἀρχαίην
684 3395 949 3491 έξαναστήσης,’
928 3398 1086 3490 ἀναμάρ-
