2354 3840
224 181 308 239 ΗΒ.
341 182 362 241 1.
395 181 492 239 0512.
523 185 681 242 ⁹7—102.
901 175 945 241 55

42 333 118 404 ὶτολν
137 334 294 423 μέγιστόν
316 339 383 405 ἐστι
397 349 501 425 τεῖχος
521 331 604 405 κατά
619 331 679 403 τὸν
696 333 867 427 Ἀδηνέρν
880 334 943 408 τιά-

50 433 194 521 μάλισπά
212 461 255 523 κη
275 431 313 501 τὸ
333 437 488 521 μέγαθος.
524 437 585 501 τοῦ
600 434 663 520 μὶν
677 428 717 519 δὴ
729 433 867 523 πρώτου
879 432 945 519 κά-

45 535 79 598 ολ
88 531 321 619 προμαχιῶυές
335 535 397 598 εὶσι
417 529 549 623 λευκοὶ,
566 534 627 609 τοῦ
641 528 686 615 ,δέ
706 533 864 618 δευτέρου
883 533 944 619 μέ-

42 655 55 711 ·‚
70 633 184 714 τρίτου
195 628 231 694 δὶ
245 625 565 713 κάκλουροινίκεοι,
575 624 735 713 τειιὶρηου
745 627 782 700 55
792 626 942 714 κυάνεοι,

42 749 98 791 τοο
119 725 156 803 δέ
176 723 426 811 σαυδαράκινοι.
465 721 554 803 οὕτω
574 722 711 805 πάντων
723 732 792 797 τοῖν
806 725 942 801 κύκλον

42 828 233 908 ιομαχειόνες
252 817 452 911 ἠνθισμένοι
477 820 782 911 εἰσὶ-φαρμάκοισι·
818 821 880 891 δύο
904 821 941 890 δὶ

42 924 177 1000 ενταιοί
194 924 257 1008 εἰσι
277 915 373 1004 ὁμὶν
392 916 764 1008 κατιρχρροιμένους,“
750 945 768 989 ο
790 921 857 1007 δὶ
839 943 942 988 κατα-

42 1018 219 1107 ριιμένους
244 1023 328 1102 ἔχων
351 1014 431 1103 τοὺς
455 1023 699 1102 προμαχεῶνας.
743 995 857 1093 Ταῦτα
878 1017 941 1114 μὶν
955 1019 1024 1077 99

42 1108 191 1196 Δηιόκης
212 1113 323 1202 ἐρινεῷ
343 1137 378 1180 τε
400 1115 517 1205 ἐτείχεε
536 1113 591 1187 καὶ
604 1115 679 1197 περὶ
692 1140 732 1199 τα
720 1109 875 1184 ἑωυτοῦ
891 1117 942 1181 οὶ-

42 1205 87 1283 ἀν
101 1209 137 1277 55
151 1206 254 1277 ἀλλον
268 1212 375 1295 δῆμον
388 1212 481 1303 πέριξ
496 1208 674 1285 ἐκέλευε
640 1235 677 1277 το
691 1224 795 1297 τετχος
808 1213 938 1291 οἰκέειν.

42 1307 238 1389 ομηθέυτοον
249 1305 285 1375 δέ
295 1302 433 1375 παντων
445 1305 573 1390 κοσμον
582 1303 681 1374 τονδε
689 1305 838 1397 Δηιοκης
847 1328 940 1395 προε-

42 1395 117 1467 ιτιὸ
134 1398 439 1487 καταστησάμενος,
462 1400 556 1488 μήτε
563 1402 685 1470 ἐσιέναι
699 1424 803 1521 παρις
776 1399 939 1490 βασιλέα

42 1521 89 1580 α,
116 1491 161 1563 δι’
184 1493 335 1580 ἀγγέλων
362 1498 399 1566 55
419 1497 528 1619 5555:
553 1505 715 1619 5556555,
741 1503 889 1593 οράσδαί
903 1522 939 1566 τε

43 1587 127 1659 έοι
108 1588 174 1657 υπὸ
201 1591 361 1681 μηδενὸς,
388 1593 473 1683 πρός
492 1619 529 1675 τε
548 1594 696 1665 τούτοισι
716 1600 763 1665 ἐτι
784 1602 886 1685 νελᾷν
904 1618 940 1663 τε

42 1684 140 1754 τάειυ
159 1686 275 1763 ἀντίον
294 1689 394 1766 καὶ”
370 1710 473 1759 απασι
497 1690 597 1759 τοῦτό
622 1717 661 1776 γε
685 1691 829 1761 εὶυαιὶ
793 1719 814 1760 α
815 1691 937 1780 ὶσχρόν

42 1811 50 1850 ι
70 1786 106 1852 55
127 1788 203 1870 περὶ
223 1768 349 1865 ἑωυτὸν
370 1789 531 1874 ἐσέμνυνε
553 1792 660 1867 τῶνδε
684 1785 875 1874 εἵνεκευ,”
854 1812 940 1877 οκορς

42 1909 46 1951 ι
63 1880 214 1968 ὁρέοντες
235 1888 268 1952 οἰ
280 1881 436 1972 ὁμήλικες
450 1886 561 1965 ἐόντες
578 1884 768 2005 σύντροφοί
775 1911 812 1955 τε
825 1868 940 1978 ἐκείνη)

42 1983 125 2069 ὶκίης
146 2005 188 2059 ου
176 1979 431 2068 ’φλαυροτέρης
470 1979 549 2050 0555
569 1983 602 2061 53
623 1979 856 2102 ἀνδραγαθίην
870 1990 940 2051 λει-

42 2099 102 2160 ιοι,
128 2083 305 2145 λυπεοίατο
325 2079 380 2146 καὶ
400 2076 670 2165 ἐπιβουλεύοιεν,
695 2073 769 2145 ἀλλ’
788 2075 940 2166 ἑτεροῖός

42 2175 135 2250 οκέοι
155 2171 293 2251 εἶναι
252 2201 296 2261 μη
314 2173 457 2295 ὁρέουμι.
512 2169 698 2243 Ἐπεέτεέ
661 2176 698 2244 55
710 2180 815 2260 ταῦτα
829 2173 942 2296 55525·
962 2187 1010 2242 ινδ

42 2273 125 2344 ικαὶ
145 2270 307 2354 ἐκράτυνε
327 2269 454 2345 έωυτόυ
477 2281 517 2364 τῇ
540 2265 778 2394 τυραννίδι,
755 2299 800 2360 ην
824 2269 861 2341 τοὶ
887 2276 940 2342 δί-

63 2365 246 2451 φυλάρσων
264 2369 413 2454 χαλεπός.
450 2369 566 2439 καὶ’
525 2394 584 2448 τας
596 2394 632 2438 τε
646 2373 738 2450 δίκας
751 2368 940 2459 γράφοντες

42 2486 105 2552 παρ
103 2459 257 2549 ’ἐκείνου
272 2453 516 2561 ἐσπέμπεσκον,
537 2466 592 2547 καὶ
610 2467 734 2549 ἐκεῖνος
756 2472 938 2587 διμκρίνυυ

42 2562 239 2646 ιφερομένας
253 2563 334 2630 έκιτέ
355 2580 464 2639 πεσκε.
509 2565 614 2629 ταῦτα
635 2562 697 2650 μὶν
718 2561 801 2649 κατά
811 2558 873 2651 τάς
884 2567 939 2635 ,δί-
1039 2634 1043 2641 ,

42 2662 142 2744 ποίεε,
162 2657 240 2726 τάδε
262 2658 299 2727 δὶ
320 2589 414 2739 ἀὶλοι
424 2644 621 2779 ἐκεκόσμητό
646 2662 693 2726 05·
719 2672 754 2732 εί
762 2687 837 2731 τινα
850 2686 939 2751 πυν-

42 2778 85 2819 το
109 2750 302 2841 ὑβρίζοντα,
330 2762 452 2823 τουτον
475 2753 562 2835 ὅκως
573 2746 845 2850 μεταπέμψαιτο,
870 2754 938 2828 καί

53 2846 194 2916 εκάστου
209 2848 411 2971 ἀδικήματος
424 2852 586 2935 ἐδικαίευ,
608 2856 667 2935 καί
684 2859 719 2922 ολ
735 2853 943 2933 κατάσκοποί

43 2947 54 3012 ὶ
73 2969 229 3032 κατηκοοι
250 2939 368 3033 ἦσαν’
350 2945 415 3015 ανά
428 2953 540 3017 πᾶσαν
552 2972 614 3032 την
627 2948 757 3038 χώρην,
777 2954 836 3046 τῆς
846 2941 938 3069 ἦρχε.

42 3069 91 3128 ιης
111 3046 173 3128 μέν
193 3069 259 3110 νυυ
278 3065 315 3110 το
304 3038 490 3129 Μηδικάυ
509 3047 611 3121 ἐδυος
633 3040 836 3133 συνέστρεψε
853 3050 940 3132 505-
957 3063 1006 3117 101

48 3143 103 3210 καὶ
121 3141 245 3223 τούτου
264 3134 352 3229 ἦρξε.
396 3148 464 3211 ἐστι
486 3143 523 3211 δέ
537 3140 669 3230 Μήδου
688 3143 807 3216 τοσάδε
828 3149 939 3233 μένεα,

42 3241 85 3325 ιὶ,
112 3241 362 3327 Παρητακηνοὶ,
382 3238 611 3328 Στρούχατες,
632 3238 828 3330 Ἀριζαντοὶ,
848 3241 941 3312 805-

41 3335 167 3422 Μάγοι.
209 3335 385 3431 μένεαμὶυ
401 3331 442 3420 δὴ
461 3335 589 3422 Μήδων
605 3339 672 3407 ἐστὶ
685 3339 813 3415 τοράδε.
854 3349 1010 3428 Ant-102
