2354 3840
129 187 192 246 200
500 186 754 244 HERODOTI

131 348 167 411 ἐν
188 353 232 436 τῷ
252 350 288 414 αί
307 351 497 430 λιθοτομίαι
522 350 634 411 ἔνεισι.
669 349 730 411 τοῦ
752 335 800 410 οἶν
815 341 855 430 δὴ
878 341 997 430 ούρεος
1010 342 1134 411 τούτου

130 441 219 528 παρά
239 440 300 531 την
317 442 475 531 ὑπωρέην
496 436 591 530 ἦκται
608 439 627 529 ἡ
645 445 768 529 διῶρυξ
789 439 848 509 ἀπ’
869 443 1008 528 ἑσπέρης
1023 437 1134 530 μακρὴ

130 542 216 628 πρὸς
228 541 289 630 τὴν
303 540 368 631 ἠῶ,
385 546 439 610 καὶ
458 549 585 611 ἔπειτεν
601 549 700 609 τείνει
716 544 748 620 ές
760 542 965 635 διασφάγας,
984 541 1135 625 φέρουσα

130 639 193 708 άπδ
219 648 279 708 τοῦ
296 638 413 726 οὔρεος
430 637 514 727 πρὸς
529 647 737 727 μεσαμβρίην
753 666 788 707 τε
808 643 863 707 καί
885 638 988 707 νότον
1007 634 1134 723 άνεμον

130 743 162 817 ές
184 736 243 805 τὸν
264 738 391 807 κόλπον
408 734 469 805 τόν
482 736 647 825 Ἀράβιον.
681 745 720 825 τῇ
742 737 777 805 δὲ
801 735 974 822 ἐλάχιστόν
994 737 1063 804 έστι
1080 736 1134 802 καλ

131 836 386 921 συντομώτατον
407 840 443 904 ἐκ
464 843 521 922 τῆς
542 842 679 923 βορηίης
698 835 873 920 θαλάσσης
896 832 1086 920 ὑπερβῆναι
1102 835 1134 908 ἐς

130 929 191 1019 τὴν
205 939 321 1019 νοτίην
334 937 388 1002 καὶ
400 930 569 1021 Ἐρυθρὴν
586 929 647 1018 τὴν
661 929 767 1019 αὐτὴν
778 931 904 1018 ταύτην
915 932 1133 1016 καλεομένην,

130 1027 194 1097 άπδ
210 1037 270 1097 τοῦ
286 1038 414 1099 Κασίου
430 1030 548 1118 ούρεος
565 1037 625 1097 τοῦ
640 1027 830 1116 οὐρίζοντος
840 1027 1017 1114 Λίγυπτύν
1031 1053 1067 1095 τε
1081 1028 1135 1094 καὶ

130 1133 278 1215 Συρίην,
300 1125 365 1196 άπὸ
387 1130 510 1196 τούτου
533 1131 593 1196 είσὶ
609 1128 739 1194 στάδιοι
759 1124 880 1214 άπαρτλ
903 1132 1002 1213 χίλιοι
1023 1127 1057 1204 ές
1075 1119 1134 1190 τδν

126 1224 282 1315 Ἀράβιον
296 1225 432 1298 κόλπον.
457 1234 555 1296 τούτο
567 1226 628 1314 μὲν
640 1223 677 1295 τδ
689 1225 957 1313 συντομώτατον,
973 1221 1043 1312 ἡδὲ
1055 1227 1134 1289 διω·

130 1329 190 1409 ρυξ
212 1333 323 1415 πολλῷ
344 1329 547 1414 μακροτέρη,
570 1323 638 1416 ὅσω
660 1326 861 1409 σκολιωτέρη
888 1326 964 1390 ἐστί.
998 1317 1062 1407 τὴν
1083 1317 1135 1385 ἐπὶ

135 1429 229 1491 Νεκῶ
247 1426 399 1508 βασιλέος
420 1421 621 1511 ὀρύσσοντες
636 1428 831 1508 Αἰγυπτίων
852 1419 1028 1490 άποίλοντο
1045 1418 1135 1486 δυω-

131 1522 210 1586 δεκα
224 1519 393 1605 μυριάδες.
432 1517 551 1597 Νεκως
566 1523 627 1606 μέν
642 1546 708 1586 νυν
722 1517 845 1606 μεταξύ
859 1515 1016 1604 ὀρύσσων
1030 1514 1134 1584 ἐπαύ-

130 1636 209 1683 σατο
231 1623 394 1703 μαντηίου
418 1620 578 1703 ἐμποδίου
603 1621 789 1705 γενομένου
810 1622 959 1702 τοιοῦδε,
982 1623 1027 1706 τῷ
1049 1622 1134 1701 βαρ-

130 1714 224 1806 βάρῳ
248 1711 352 1781 αύτὸν
376 1716 650 1802 προεργάζεσθαι.
683 1715 876 1802 βαρβάρους
898 1715 935 1782 δὲ
953 1714 1081 1791 πάντας
1103 1714 1135 1778 οἱ

69 1831 120 1888 159
135 1815 309 1902 Αἰγύπτιοι
325 1817 481 1883 καλέουσι
496 1812 574 1895 τούς
588 1814 632 1902 μὴ
649 1822 744 1900 σφίσι
759 1813 1003 1901 ὁμογλώσσους.
1037 1818 1134 1878 Παυ-

131 1915 274 1998 σάμενος
290 1913 326 1980 δέ
344 1919 399 1998 τῆς
414 1911 610 1999 διύρυχοςὸ
627 1910 746 1990 Νεκιδς
761 1913 918 1997 ἐτράπετο
933 1907 1017 1997 πρὸς
1033 1928 1134 1992 στρα-

128 2018 237 2096 τηίας,
271 2012 325 2077 καὶ
351 2011 499 2098 τριήρεες
531 2016 567 2079 αί
593 2012 655 2097 μὲν
688 2011 740 2076 ἐπὶ
770 2015 809 2097 τῇ
834 2015 954 2097 βορηίη
978 2006 1134 2092 θαλάσση

130 2107 360 2193 ἐποιήθησαν,
377 2113 413 2174 αί
426 2105 458 2174 δ’
476 2110 513 2174 ἐν
528 2114 573 2196 τῷ
587 2105 728 2194 Ἀραβίῳ
741 2106 854 2196 κόλπῳ
871 2108 923 2174 έπὶ
937 2111 976 2193 τη
987 2102 1134 2191 Ἐρυθρῇ

129 2206 302 2291 θαλάσση,
331 2211 399 2271 τῶν
426 2210 472 2272 ἔτι
499 2209 533 2271 οἱ
555 2202 648 2273 ὁλκοὶ
674 2207 830 2289 ἐπίδηλοι.
865 2205 921 2271 καὶ
938 2201 1080 2288 ταύτησί
1099 2223 1134 2265 τε

129 2307 245 2388 ἐχρᾶτο
262 2305 299 2369 έν
319 2309 364 2392 τῷ
380 2304 505 2389 δέοντι,
529 2305 583 2369 καὶ
599 2308 758 2388 Συρίοισι
774 2306 853 2388 πεζῇ
872 2295 1027 2376 δΝεκοδς
1047 2317 1134 2382 συμ-

128 2398 243 2487 βαλών
260 2402 296 2467 έν
306 2395 488 2489 Μαγδώλῳ
504 2402 653 2486 ἐνίκησε,
669 2396 749 2484 μετά
768 2398 804 2466 δὲ
819 2395 882 2484 την
897 2397 1006 2484 μάχην
1016 2396 1133 2463 Κάδυ-

128 2527 180 2567 τιν
206 2498 306 2566 πύλιν
330 2504 386 2583 τῆς
401 2504 529 2585 Συρίης
551 2500 674 2564 ἐοῦσαν
693 2499 843 2582 μεγάλην
863 2490 938 2563 εἷλε.
972 2497 1009 2562 έν
1032 2500 1072 2582 τῇ
1097 2494 1133 2559 δὲ

129 2600 245 2683 ἐσθῆτι
261 2602 353 2680 ἔτυχε
364 2602 467 2662 ταῦτα
480 2594 783 2680 κατεργασάμενος,
799 2591 945 2678 αἰνέθηκε
955 2597 1001 2682 τῷ
1013 2587 1133 2656 ’Λπόλ-

129 2702 212 2761 λωνι
227 2697 357 2779 πέμψας
374 2695 405 2769 ές
420 2696 605 2778 Βραγχίδας
619 2689 698 2770 τοὺς
711 2697 898 2777 Μιλησίων.
929 2685 1011 2775 μετὰ
1026 2685 1063 2754 δέ
1078 2688 1134 2754 ἕκ-

129 2793 265 2857 καίδεκα
282 2794 355 2856 έτεα
370 2786 410 2855 τά
426 2789 535 2857 πάντα
550 2788 651 2876 άρξας
664 2795 818 2878 τελευτᾷ,
840 2795 886 2878 τῷ
901 2789 995 2855 παιδὶ
1015 2786 1133 2872 Ψάμμι

129 2884 300 2973 παραδούς
316 2883 378 2973 την
393 2883 506 2973 άρχήν.

68 3014 114 3066 160
210 2982 278 3051 Ἐπὶ
303 2990 424 3050 τούτου
445 2981 485 3070 δη
509 2980 569 3049 τὰν
594 2983 763 3071 Ψάμμιν
789 2982 1011 3069 βασιλεύοντα
1025 2981 1134 3067 Αίγύ-

125 3109 204 3154 πτου
231 3081 390 3152 άπίκοντο
412 3077 551 3150 Ἠλείων
576 3075 716 3167 άυδρες,
744 3077 922 3167 αὐχέοντες
947 3077 1140 3147 δικαιότατα

127 3185 180 3251 ’καὶ
198 3183 355 3275 κάλλιστα
372 3181 503 3250 τιθέναι
520 3176 581 3247 τόν
600 3182 635 3247 ἐν
657 3177 842 3267 Ούλυμπίη
867 3174 983 3265 άγῶνα
1001 3178 1140 3248 πάντων

127 3281 334 3372 ἀνθρώπων,
366 3283 423 3351 καὶ
447 3280 619 3359 δοκέοντες
645 3281 734 3370 παρά
759 3284 864 3348 ταῦτα
888 3275 965 3348 οὐδ’
994 3276 1038 3347 άυ
1061 3277 1140 3358 τούς

128 3383 340 3471 σοφωτάτους
381 3380 573 3471 ἀνθρώπων
609 3387 818 3468 Αἰγυπτίους
860 3377 963 3449 οὐδέν
1000 3381 1138 3462 ἐπεξεν-
