2354 3840
234 200 277 264 48
610 204 860 263 HERODOTI

235 359 318 446 πρὸς
346 365 382 429 σέ
407 360 448 429 τά
475 366 583 430 νοέων
608 361 763 447 τυγχάνω
784 356 806 447 ἢ
830 367 929 446 σιγᾶν
951 362 988 428 ἐν
1008 367 1054 452 τῷ
1078 385 1177 446 παρε

235 459 298 547 χρή
306 489 315 543 3
332 467 445 548 Κῦρος
460 464 500 528 δέ
513 487 571 546 μιν
584 462 774 547 θαρσέοντα
789 459 919 526 ἐκέλευε
932 460 1059 547 λέγειν,
1075 457 1096 527 ὅ
1109 485 1141 526 τι
1168 476 1173 486 ’

218 569 335 631 ,λοιτο
369 556 386 628 ὁ
404 559 440 627 δὲ
455 554 554 626 αὐτὸν
573 558 694 646 είράτα
707 559 831 643 λέγων·
865 547 974 634 Οὗτος
989 553 1007 625 ὁ
1022 553 1148 635 πολλάς
1170 591 1176 615 1

236 666 293 736 λος
307 665 342 726 τί
352 663 455 724 ταῦτα
471 657 601 744 σπουδή
616 660 722 742 πολλή
737 653 922 741 ἐργάζεταις
947 651 983 721 Ὁ
999 652 1035 721 δὲ
1050 651 1136 721 εἷπε·

236 765 291 823 λιν
307 779 343 821 τε
356 751 418 840 τήν
433 751 496 840 σήν
510 753 682 839 διαρπάζει
708 752 763 818 καὶ
777 751 926 837 χρήματα
941 748 982 817 τά
996 749 1039 818 σά
1055 754 1175 836 διαφο

240 859 380 938 Κροῖσος
402 852 437 918 δὲ
461 848 630 938 άμείβετο·
661 845 749 916 Οάτε
769 848 869 915 πόλιν
888 844 951 934 τήν
965 845 1049 934 ἐμήν
1063 845 1142 915 οὔτε
1170 882 1177 917 ι

235 975 321 1033 ματα
348 945 388 1015 τά
418 946 479 1033 ἐμά
505 947 692 1035 διαρπάζει·
734 943 835 1012 οὐδὲν
858 941 923 1031 γάρ
946 946 1017 1032 ἐμοὶ
1038 950 1085 1013 ἔτι
1106 946 1171 1012 το’

191 1048 335 1130 ὓ9μέτα·
368 1042 451 1113 άίίά
478 1048 622 1132 φέρουσί
644 1069 679 1110 τε
700 1045 755 1110 καὶ
775 1039 895 1128 άμουσι
918 1039 957 1110 τά
982 1042 1034 1111 σά.
1075 1042 1174 1129 ΚάρΠ

237 1145 386 1227 ἐπιμελὲς
409 1146 538 1229 ἐγένετο
559 1141 599 1211 τά
614 1150 759 1229 Κροῖσος
781 1138 867 1227 είπε,
894 1140 1105 1227 μεταστησάμ
1154 1175 1177 1209 ·2·

236 1237 315 1318 τούς
336 1238 458 1321 ἄλλους
481 1250 585 1327 είρετο
604 1247 768 1324 Κροῖσον,
797 1235 817 1305 ὅ
837 1264 869 1305 τι
891 1242 926 1305 os
946 1238 1074 1329 ἐνορῴη
1095 1238 1135 1305 ἐν
1154 1264 1174 1305 τ

236 1341 472 1424 ποιευμένοισι.
504 1335 522 1405 ὁ
541 1338 577 1406 δὲ
593 1335 678 1405 εἷπε·
719 1328 844 1404 Ἐπείτε
861 1359 902 1419 με
917 1335 992 1402 θεοὶ
1010 1338 1143 1403 ἔδωκαν
1164 1347 1177 1391 ἱ·

236 1437 298 1502 λόν
323 1456 394 1523 σοι,
423 1439 559 1520 δικαιῶ,
586 1443 619 1501 εί
641 1460 673 1500 τι
697 1434 820 1517 ἐνορέω
834 1433 953 1516 πλέον,
982 1437 1160 1517 σημαίνειν

235 1536 363 1616 Πέρσαι
385 1534 491 1618 φάσιν
511 1532 623 1610 ἐόντες
642 1528 794 1617 ὑβρισταί
818 1533 879 1597 εἰσὶ
898 1525 1097 1616 άχρήματοι·
1123 1524 1170 1617 ήν

237 1632 279 1700 σά
308 1633 448 1712 τούτους
479 1638 629 1721 περιίδῃς
659 1629 907 1717 διαρπάσαντας
935 1632 990 1698 καὶ
1014 1633 1174 1718 κατασχό

235 1732 384 1818 χρήματα
399 1732 543 1818 μεγάλα,
565 1732 645 1799 τάδε
664 1755 715 1798 τοι
733 1731 766 1809 ἐξ
781 1725 894 1796 αὐτῶν
910 1730 1043 1809 ἐπίδοξα
1059 1734 1176 1815 γευέσ

237 1825 273 1905 ὃς
299 1823 343 1894 άν
371 1824 483 1894 αὐτῶν
507 1835 643 1895 πλείστα
664 1826 826 1914 κατάσχη,
853 1830 973 1893 τοῦτον
992 1830 1140 1909 προσδέκ
1165 1861 1177 1885 v

237 1952 286 1993 τοι
303 1924 624 2011 ἐπαναστησόμενον.
657 1931 722 1991 νῦν
738 1917 787 1991 άν
801 1928 943 2008 ποίησον
958 1915 1032 2010 άδε,
1048 1935 1083 1994 εί
1092 1952 1146 1994 τοι
1167 1964 1177 1984 ι

237 2043 307 2090 σκει
322 2020 362 2089 τά
377 2019 441 2108 ἐμά
455 2025 551 2108 λέγω.
584 2022 722 2090 κάτισον
742 2027 810 2088 τῶν
825 2019 1029 2109 δορυφόρων
1044 2024 1097 2091 ἐπὶ
1112 2024 1172 2091 πά

236 2129 308 2210 τήσι
331 2122 454 2210 πάλησι
475 2122 665 2208 φυλάκους,
693 2127 728 2189 οἳ
747 2120 917 2207 λεγόντων
938 2119 1021 2208 πρὸς
1043 2120 1124 2201 τοὺς
1139 2125 1175 2191 ἐκ

238 2244 357 2305 ροντας
377 2215 418 2285 τά
438 2220 588 2306 χρήματα
602 2217 858 2307 άπαιρεάμενοι,
886 2216 930 2297 ὥς
945 2237 1031 2305 σφεα
1048 2216 1138 2307 άναγ
1165 2258 1177 2278 ιι

237 2322 301 2401 ἔχει
320 2319 563 2402 δεκατευθῆναι
585 2324 631 2409 τῷ
646 2324 713 2385 Διί.
756 2320 810 2384 καὶ
825 2317 869 2384 σύ
884 2320 922 2384 τέ
933 2337 994 2403 σφι
1009 2314 1072 2386 οὐκ
1086 2314 1170 2405 άπεχ

235 2436 307 2482 σεαι
330 2418 387 2500 βίη
408 2408 649 2500 άπαιρεάμενος
670 2412 709 2480 τά
731 2415 896 2502 χρήματα,
924 2417 980 2482 καὶ
1005 2416 1127 2484 ἐκείνοι
1154 2436 1175 2486 σ

191 2511 375 2597 ςογνόντες
396 2514 522 2579 ποιέειν
544 2533 581 2578 σε
602 2516 713 2579 δίκαια
731 2513 864 2590 ἑκόντες
883 2512 1079 2600 προήσουσι.
1125 2520 1173 2581 Ta

235 2605 404 2677 άκοάωνδ
421 2615 533 2694 Κῦρος
548 2607 749 2696 ὑπερήδετο,
772 2608 816 2688 ὥς
840 2615 873 2678 οί
892 2608 1004 2677 ἐδόκεε
1019 2602 1060 2677 εὖ
1074 2608 1177 2679 ὑποτ

236 2716 333 2773 σθαι·
364 2707 495 2782 αἰνέσας
516 2706 551 2771 δὲ
574 2701 679 2771 πολλά
701 2705 757 2771 καί
778 2705 1006 2790 ἐντειλάμενος
1025 2720 1110 2774 τοῖσι
1134 2711 1172 2776 δο

237 2802 372 2887 μόροισι
398 2797 438 2866 τά
464 2808 607 2887 Κροῖσος
634 2797 828 2886 ὑπεθήκατο
855 2803 1032 2870 ἐπιτελέειν
1057 2800 1131 2873 εἷπε
1171 2836 1177 2857 ·

236 2907 384 2983 Κροῖσον
395 2895 490 2963 τάδε·
519 2905 659 2984 Κροῖσε,
676 2895 908 2984 άνηρτημένου
923 2906 984 2966 σεῦ
1001 2896 1127 2987 άνδρδς
1147 2918 1171 2961 ,ἰ

235 2998 308 3072 λέος
322 2989 445 3079 χρηστά
462 2998 542 3079 ἔργα
559 2997 614 3062 καὶ
630 3001 709 3062 ἔπεα
724 2999 867 3082 ποιέειν,
884 2999 972 3064 αἰτέο
987 2996 1140 3087 δάσιν,ή
1171 3037 1177 3053 ι

235 3092 376 3178 βούλεαί
387 3118 447 3182 ,τοι
463 3095 622 3177 γενέσθαι
643 3099 840 3175 παραυτίκα.
881 3091 917 3162 Ὁ
934 3096 970 3162 δὲ
985 3093 1072 3163 εἷπε·
1117 3091 1157 3163 Ὦ

236 3208 357 3272 σποτα,
384 3189 482 3266 ἐάσας
504 3215 545 3276 με
568 3205 676 3275 χαριεῖ
693 3193 835 3277 μάλιστα
857 3190 918 3259 τὸν
934 3191 1020 3261 θεὸν
1031 3200 1102 3262 τῶν
1120 3192 1151 3254 ’ἱ

235 3312 323 3371 νων,
338 3284 398 3355 τόν
414 3288 477 3373 ἐγώ
494 3291 629 3376 ἐτίμησα
646 3298 740 3358 θεῶν
754 3293 912 3380 μάλιστα,
928 3297 1138 3384 ε’πείρεσθαι,
1162 3339 1165 3346 ,

236 3402 344 3462 σαντα
358 3389 458 3454 τάσδε
472 3386 531 3468 τάς
545 3394 662 3475 πέδας,
686 3396 716 3458 εί
729 3394 893 3471 ἐξαπατᾶν
909 3389 988 3472 τούς
1002 3387 1042 3462 εὖ
1057 3420 1116 3465 ποι
1125 3434 1130 3455 .-
1141 3402 1157 3419 ”
