2354 3840
329 107 411 162 κιο.
445 108 466 163 1.
500 107 597 165 cAP.
628 111 805 166 ιω-νιο.
1008 100 1064 163 ¹11

56 264 233 349 προτέρην
246 262 402 350 γνώμην,
424 260 486 349 τὴν
504 269 651 347 Κροίσου
668 261 704 330 δέ
722 260 893 348 ἐλόμενος,
917 261 1065 347 προηγό-

58 384 141 442 ρευε
162 361 293 448 Τομύρι
314 362 552 447 ἐξαναχωρέειν
567 358 611 441 ὡς
631 358 737 429 αὐτοῦ
752 361 996 446 διαβησομένου
1011 356 1063 426 ἐπ’

61 460 206 544 ἐκείνην.
239 455 261 546 ἡ
285 459 349 547 μέν
374 455 414 546 δὴ
438 458 636 544 ἐξανεχώρεε
657 453 738 524 κατά
761 454 920 542 ὑπέσχετο
941 463 1064 541 πρῶτα.

63 561 178 642 Κῦρος
192 556 231 625 δέ
243 563 391 640 Κροίσου
405 559 439 637 ἐς
453 553 511 636 τάς
523 570 633 643 χεῖρας
648 558 757 635 ἐσθεὶς
770 564 815 645 τῷ
831 559 958 624 ἑωυτοῦ
973 555 1064 621 παιδὶ

67 649 249 740 Καμβύση,
270 656 384 739 τῷπερ
402 650 465 740 τὴν
478 658 655 740 βασιληίην
670 655 799 735 ἐδίδου,
820 655 874 720 καί
888 648 994 719 πολλά
1011 654 1027 719 έ
1047 691 1062 701 -

64 745 259 835 τειλάμενάς
275 752 310 816 οί
320 755 421 835 τιμᾶν
435 775 470 816 τε
486 743 591 816 αύτὸν
606 749 662 816 καὶ
677 741 717 816 εύ
730 750 872 833 ποιέειν,
894 744 938 835 ἢν
954 745 975 834 ἡ
991 749 1066 815 διά-

63 842 191 933 βασιςὴ
204 846 257 913 ἐπὶ
266 849 489 932 Μασσαγέτας
499 842 543 932 μὴ
555 841 709 933 ὀρθωθῇ,
723 853 826 914 ταῦτα
837 847 1066 933 ἐντειλάμενος

64 946 119 1013 καὶ
141 940 339 1022 ἀποστείλας
352 944 492 1023 τούτους
517 946 550 1023 ἐς
563 944 696 1028 Πέρσας
709 940 809 1025 αύτός
835 948 980 1032 διέβαινε
1006 943 1065 1012 τὸν

64 1036 216 1127 ποταμὸν
236 1043 292 1109 καλ
315 1036 334 1109 ὁ
356 1038 495 1128 στρατὸς
512 1037 626 1108 αὐτοῦ.
676 1039 801 1113 Ἐπείτε
822 1043 858 1111 δέ
875 1045 1065 1129 ἐπεραιώθη
1082 1072 1133 1127 ⁴209

64 1135 124 1206 τὸν
140 1135 296 1226 Ἀράξην,
320 1135 443 1217 νυκτδς
462 1138 672 1225 ἐπελθούσης
692 1137 758 1205 εἶδε
778 1137 875 1225 ὄψιν,
898 1139 1008 1207 εὕδων
1029 1143 1066 1206 ἐν

64 1242 133 1304 τών
153 1236 405 1322 Μασσαγετέων
425 1243 464 1324 τῇ
485 1235 593 1323 χώρη,
613 1233 762 1322 τοιήνδε·
786 1234 896 1304 ἐδόκεε
917 1233 935 1303 ὁ
954 1244 1065 1320 Κῦρος

64 1337 101 1404 ἐν
124 1340 172 1426 τῷ
187 1331 284 1423 ὕπνῳ
301 1330 386 1418 ὁρᾶν
405 1340 472 1400 τών
484 1332 681 1412 Ὑστάσπεος
695 1338 824 1401 παίδων
841 1330 901 1401 τδν
917 1335 1065 1421 πρεσβύ-

64 1456 166 1501 τατον
188 1436 305 1519 έχοντα
320 1431 373 1499 ἐπὶ
392 1437 460 1500 τών
481 1430 581 1516 ώμων
603 1433 784 1517 πτέρυγας,
806 1431 1005 1500 καὶτούτων
1025 1438 1065 1518 τῇ

65 1533 127 1618 μὲν
141 1526 206 1617 τὴν
216 1527 344 1616 Ἀσίην,
359 1535 399 1618 τῇ
414 1528 451 1596 δέ
467 1525 528 1615 τὴν
540 1526 710 1615 Εὐρώπην
721 1528 929 1610 ἐπισκιάζειν.
948 1527 1064 1597 Ὑστά-

65 1646 143 1700 σπελ
154 1630 192 1697 δδ
205 1633 251 1719 τῷ
264 1625 459 1713 Ἀρσάμεος,
477 1626 566 1696 ἐόντι
582 1625 680 1713 άνδρί
692 1626 914 1717 Ἀχαιμενίδῃ,
939 1621 982 1715 ἦν
997 1635 1063 1695 τών

65 1731 196 1797 παίδων
206 1735 349 1810 Δαρεῖος
358 1723 600 1812 πρεσβύτατος,
613 1722 678 1791 ἐών
688 1725 762 1794 τότε
773 1723 904 1812 ἡλικίην
916 1728 948 1804 ές
960 1733 1066 1792 εἴκοσι’

65 1851 129 1895 κου
142 1822 285 1911 μάλιστα
299 1827 389 1906 έτεα,
417 1822 472 1890 καί
487 1813 585 1899 οὗτος
601 1826 829 1889 κατελέλειπτο
847 1825 884 1888 ἐν
900 1825 1063 1910 Πέρσησι·

65 1919 111 1991 ού
120 1916 187 2007 γάρ
203 1916 270 2005 εἶχέ
281 1943 331 1985 κω
350 1914 484 2005 ἡλικίην
498 1919 748 2005 στρατεύεσθαι.
780 1921 850 1987 ἐπεὶ
871 1913 919 1987 ών
936 1918 975 2006 δὴ
991 1923 1066 2005 ἐξη-

65 2022 173 2104 γέρθη
188 2012 207 2085 ὁ
223 2021 346 2101 Κῦρος,
363 2017 475 2083 ἐδίδου
489 2016 592 2102 λόγον
606 2020 718 2106 ἑωυτῷ
732 2017 807 2102 περὶ
821 2023 877 2104 τῆς
892 2015 995 2096 ὄψιος.
1022 2015 1065 2095 ὡς

66 2116 104 2183 δέ
125 2117 161 2181 οί
184 2109 295 2181 ἐδόκεε
318 2111 445 2197 μεγάλη
467 2108 550 2179 εἶναι
573 2108 594 2199 ἡ
615 2110 707 2199 ὄψις,
735 2115 875 2192 καλέσας
884 2111 1065 2182 Ὑστάσπεα

65 2212 120 2280 καλ
141 2205 322 2296 ἀπολαβών
342 2216 471 2295 μοῦνον
491 2208 576 2278 είπι·
600 2207 795 2296 Ὕστασπες,
821 2227 897 2292 ταῖς
914 2211 972 2292 σός
994 2216 1063 2280 ἐπι-

65 2306 243 2397 βουλεύων
256 2307 331 2391 έμοί
342 2308 446 2375 τεκαὶ
460 2313 499 2394 τῇ
514 2312 575 2394 έμῇ
590 2304 673 2395 ἀρχῇ
689 2308 829 2376 ἑάλωκε·
856 2307 899 2387 ὡς
917 2312 953 2377 δὲ
968 2306 1066 2391 άτρε-

65 2410 150 2487 κέως
175 2411 278 2473 ταῦτα
302 2403 393 2492 οἶδα,
418 2402 483 2491 ἐγώ
504 2407 668 2490 σημανέω.
701 2408 780 2491 ἐμεῦ
802 2409 878 2474 θεολ
897 2405 1065 2492 κήδονται,

65 2510 125 2573 καί
134 2529 193 2591 μοι
212 2500 321 2571 πάντα
333 2502 593 2589 προδεικνύουσι
614 2499 653 2569 τά
670 2501 909 2589 ἐπιφερόμενα·
932 2500 994 2590 ἤδη
1018 2494 1066 2568 ών

65 2605 103 2671 έν
120 2607 162 2689 τῇ
175 2601 399 2686 παροιγομένη
413 2601 510 2666 νυκτὶ
526 2597 636 2666 εὕδων
658 2597 747 2665 εἶδον
767 2604 833 2666 τών
850 2607 920 2666 σών
936 2603 1065 2667 παίδων

66 2695 126 2767 τδν
146 2696 377 2784 πρεσβύτατον
398 2700 514 2782 έχοντα
534 2697 587 2764 ἐπὶ
603 2701 670 2763 τών
687 2693 786 2781 ώμων
803 2699 984 2783 πτέρυγας,
1011 2698 1065 2763 καὶ

65 2798 196 2867 τούτων
209 2802 248 2885 τῇ
262 2797 325 2881 μέν
338 2791 400 2882 την
410 2793 538 2881 Ἀσίην,
555 2801 594 2882 τῇ
605 2797 641 2863 δέ
654 2792 716 2882 τὴν
730 2791 900 2880 Εὐρώπην
914 2793 1065 2863 ἐπισκιά-

67 2901 142 2976 ζειν.
168 2889 235 2961 ούκ
247 2884 296 2959 ών
309 2895 377 2960 ἐστι
388 2887 516 2978 μηχανὴ
529 2888 593 2958 άπδ
609 2898 665 2977 τῆς
680 2890 775 2972 ὄψιος
790 2891 910 2978 ταύτης
927 2888 1063 2973 οὐδεμία

66 2989 101 3060 τὸ
124 2987 169 3078 μη
193 2991 323 3057 ἐκεῖνον
343 2988 575 3075 ἐπιβουλεύειν
595 2990 675 3072 έμοί.
705 2985 747 3054 σύ
764 2993 880 3054 τοίνυν
897 2983 958 3084 ηην
974 2991 1065 3071 ταχί-

67 3111 148 3175 στην
162 3084 306 3171 πορεύεο
321 3083 426 3153 ὀπίσω
440 3087 473 3165 ἐς
488 3086 636 3173 Πέρσας,
653 3086 707 3154 καί
721 3092 828 3170 ποίεε,
844 3083 947 3173 ὅκως,
963 3082 1062 3152 ἐπεάν

65 3182 129 3273 έγώ
144 3181 226 3251 τάδε
239 3181 549 3268 καταστρεψάμενος
563 3187 652 3250 ἔλθω
667 3184 749 3267 ἐκεῖ,
773 3180 817 3260 ώς
831 3208 887 3267 μοι
902 3183 1059 3270 καταστή-

64 3279 199 3363 σειςτδν
213 3285 315 3348 παῖδα
335 3282 368 3359 ἐς
382 3287 524 3367 ἔλεγχον.
572 3286 681 3365 Κῦρος
702 3282 763 3364 μέν
778 3280 904 3348 δοκέων
918 3280 1065 3364 Δαρεῖόν
1081 3295 1134 3350 ‘210
