2354 3840
333 107 410 164 ΗΒ
439 109 484 165 111.
519 107 618 169 cAP,
641 110 806 169 ιιε-ιει.
1008 102 1070 168 279

67 266 163 352 ρείφ·
186 258 206 330 6
228 262 266 331 δέ
287 261 382 350 ἀγειν
402 291 461 351 μιν
482 263 544 352 τήν
565 271 721 351 ταχίστην
749 264 824 351 παρ’
849 264 976 334 ἑωυτὸν
997 267 1071 333 έκέ-

67 370 177 431 λευσε.
208 362 270 430 τὸν
286 362 324 431 δέ
346 361 391 444 ῦς
410 367 547 452 ἐξεῦρον
564 368 602 432 έν
623 379 707 433 τοῖσι
721 362 873 453 Ὀροίτεω
898 361 1070 452 ἀνδραπύ·

67 464 154 528 δοισι
178 454 304 547 ὑκουδή
329 460 600 550 ἀπημελημένον,
628 470 782 551 παρῆγον
799 466 833 542 ές
849 464 952 550 μέσον
968 465 1070 541 πέδας

66 580 101 624 τε
117 557 260 625 ἕλκοντα
276 562 331 626 καὶ
349 560 464 645 δάκεσι
482 562 680 647 ἐσθημένον.
724 561 907 628 Σταθέντα.
918 558 954 626 δέ
966 559 999 639 ές
1010 560 1070 645 μέ·
1090 576 1096 626 l

67 664 130 713 σον
157 648 279 735 είραίτα
300 645 318 717 6
339 661 484 736 Δαρεῖος
503 647 566 737 τήν
585 653 705 736 τέχνην
729 654 759 717 εί
780 650 963 717 ἐπίσταιτο·
992 646 1010 716 ὁ
1034 645 1066 713 δ’

67 743 130 814 οὑκ
147 744 344 836 ὑπεδέκετο,
362 746 544 836 ἀρρωδέων
576 746 621 836 μή
639 745 767 816 ἑαυτὸν
782 748 930 836 ἐκφήνας
944 745 981 815 τὺ
1002 770 1071 814 πα-

67 841 182 926 ράπαν
195 849 253 930 τής
267 840 424 923 Ἑλλάδος
440 838 460 934 ᾖ
475 843 746 933 ἀπεστερημένος.
785 845 956 931 κατεφάνη
971 870 1005 911 τε
1022 850 1068 934 τῷ

67 947 203 1029 Δαρείφ
226 941 394 1027 τεχνάζειν
426 942 661 1028 ἐπιστάμενος,
696 945 751 1009 καὶ
777 939 857 1020 τοῦς
880 938 1068 1027 ἀγαγόντας

65 1030 172 1101 αῦτὺν
184 1036 336 1105 ἐκέλευσε
349 1038 512 1125 μάστιγάς
523 1065 558 1107 τε
570 1041 625 1108 καλ
636 1040 756 1125 κέντρα
766 1042 975 1125 παραφέρειν
985 1042 1018 1117 ές
1029 1035 1065 1104 τὸ

64 1135 178 1218 μέσον.
201 1129 220 1200 ὁ
236 1133 273 1202 δέ
287 1136 436 1204 ἐνθαῦτα
451 1133 492 1223 δή
508 1129 557 1203 ἀν
568 1136 728 1221 ἐκφαίνει,
745 1133 811 1221 φάς
826 1131 989 1222 ἀτρεκέως
1004 1135 1067 1221 μὲν

63 1226 129 1297 ούκ
144 1230 357 1317 ἐπίστασθαι,
374 1230 533 1320 ὁμιλήσας
547 1233 584 1302 δέ
604 1239 706 1323 ἰητρῷ
730 1232 888 1320 φλαύρως
903 1239 991 1319 ἔχειν
1005 1228 1067 1317 τήν

63 1330 194 1414 τέχνην.
224 1328 305 1417 μετά
328 1330 364 1399 δέ
389 1331 433 1410 ἀς
453 1337 488 1400 οί
506 1332 680 1418 ἐπέτρεψε,
704 1329 924 1417 Ἑλληνικοῖσι
951 1329 1067 1415 ίήμασι

62 1427 246 1515 χρεόμενος
265 1432 320 1496 καλ
340 1427 423 1517 ήπια
443 1426 525 1516 μετά
545 1425 585 1496 τά
613 1426 731 1516 ίσχυρὺ
753 1429 934 1516 προσάγων
954 1426 1067 1494 ῦπνου

63 1526 103 1592 τέ
116 1550 176 1610 μιν
190 1525 370 1612 λαγχάνειν
386 1529 494 1594 έποίεε
516 1528 571 1594 καὶ
591 1528 629 1593 έν
643 1524 754 1617 χρόνῳ
768 1523 869 1618 ὀλίγη)
891 1526 986 1610 ὑγιέα
1007 1550 1065 1610 μιν

63 1623 164 1691 έύντα
181 1621 334 1711 ἀπέδεξε,
351 1624 481 1713 ούδαμὺ
497 1633 545 1696 ἔτι
561 1628 731 1707 ἐλπίζοντα
745 1624 908 1713 ἀρτίπουν
918 1632 1064 1694 ἔσεσθαι.

63 1724 223 1805 δωρέεται
241 1723 283 1811 δή
298 1751 357 1810 μιν
371 1722 454 1812 μετὰ
466 1732 570 1793 ταῦτα
584 1723 602 1792 ὁ
614 1735 760 1809 Δαρεῖος
771 1726 900 1792 πεδέων
911 1725 1064 1812 χρυσέων

66 1822 129 1889 δύο
142 1821 286 1908 ζεύγεσι·
300 1821 318 1891 6
334 1827 373 1893 δέ
381 1849 440 1910 μιν
454 1826 613 1910 ἐπείρετο,
626 1831 660 1890 εί
668 1827 703 1890 οί
715 1820 891 1908 διπλήσιον
904 1819 942 1888 τὸ
958 1821 1064 1888 κακὸν

61 1921 214 2006 έπίτηδες
233 1923 342 2008 νέμει,
369 1921 420 1991 ὅτι
441 1946 500 2008 μιν
520 1919 615 2005 ὑγιέα
636 1921 777 2006 ἐποίησε.
822 1915 938 2006 ἡσθεὶς
961 1920 998 1986 δὲ
1018 1925 1064 2008 τῷ

59 2014 167 2086 ίπειὸ
182 2012 326 2106 Δάρεῑος
340 2016 527 2107 ἀποπέμπει
548 2045 607 2105 μιν
621 2015 711 2102 παρὰ
726 2015 785 2095 τάς
801 2020 929 2085 ἑωυτοῦ
943 2032 1065 2103 γυναί-

63 2140 133 2193 κας.
156 2115 363 2202 παράγοντες
378 2115 414 2184 δέ
428 2121 463 2185 oc
478 2115 633 2203 εὑνοῦχοι
649 2122 765 2202 ἔλεγον
775 2113 859 2203 πρὸς
872 2113 931 2195 τάς
944 2130 1064 2202 γυναῖ-

63 2241 140 2301 κας,
157 2211 201 2292 ὑς
217 2221 348 2303 βασιλέι
356 2209 455 2296 οὗτος
470 2227 519 2301 εἴη
536 2216 572 2295 ὃς
588 2214 650 2303 τήν
664 2212 775 2302 ψυχήν
790 2212 949 2308 ἀπέδωκε,
977 2213 1064 2283 ὑπο-

61 2311 234 2380 τύπτουσα
256 2312 293 2380 δέ
314 2311 443 2381 αῦτέων
464 2315 584 2399 ἑκάστη
602 2314 707 2400 φιάλη
721 2314 754 2389 ές
773 2319 834 2379 τοῦ
852 2317 980 2397 χρυσοῦ
1001 2309 1064 2396 τήν

64 2408 177 2496 θήκην
197 2412 355 2497 ἐδωρέετο
377 2409 438 2479 τδν
454 2411 674 2497 Δημοκήδεα,
700 2407 788 2476 οὑτω
815 2405 858 2494 δή
879 2434 910 2473 τι
931 2410 1065 2487 δαψιλέι

63 2515 189 2597 δωρεῇ,
204 2504 249 2588 ὡς
261 2505 341 2588 τοὺς
354 2506 600 2586 ἀποπίπτοντας
614 2504 679 2575 ἀπὸ
697 2512 765 2573 τῶν
779 2505 928 2590 φιαλέων
943 2511 1063 2590 στατή-

62 2629 124 2688 ρας
139 2603 299 2690 ἑπόμενος
316 2602 333 2674 6
350 2609 492 2692 οίκέτης,
510 2611 556 2694 τῷ
571 2603 699 2690 οῦνομα
715 2596 759 2691 ήν
773 2609 924 2688 Σκίτων,
945 2599 1064 2671 ἀνελέ-

60 2724 155 2787 γετο,
170 2708 230 2770 καί
237 2706 272 2770 οί
279 2709 388 2790 χρῆμα
405 2703 532 2771 πολλόν
552 2728 584 2770 τι
599 2709 727 2790 χρυσοῦ
742 2704 937 2789 συνελέχθη.

120 2794 157 2865 ‘O
174 2799 211 2865 δέ
223 2800 427 2887 Δημοκήδης
444 2793 541 2879 οὑτος
557 2792 621 2868 ἀδε
637 2803 672 2868 ἐκ
686 2799 866 2888 Κρότωνος
880 2797 1062 2886 ἀπιγμένος
1079 2825 1096 2879 ι,

60 2895 275 2983 Πολυκράτεϊ
289 2893 448 2981 ὡμίλησε·
472 2900 571 2985 πατρὶ
588 2904 755 2985 συνείχετο
776 2900 814 2964 έν
827 2897 981 2981 Κρότωνι
1001 2896 1062 2985 ύρ-

60 2988 127 3079 γὴν
141 2998 290 3083 χαλεπῷ·
306 2999 428 3061 τοῦτον
446 2995 554 3063 έπείτε
571 2993 634 3062 οῦκ
649 2994 789 3062 ἐδύνατο
797 2996 925 3082 φέρειν,
940 2992 1061 3063 ἀπολι-

59 3086 135 3157 πῦν
149 3097 255 3175 οίχετο
267 3088 460 3175 έςΑίγιναν.
476 3088 639 3169 καταστάς
653 3090 689 3159 δέ
701 3092 733 3168 ές
743 3091 869 3175 ταύτην
882 3096 928 3180 τῷ
939 3091 1059 3181 πρώτῳ

59 3191 128 3254 ἔτει
149 3181 372 3273 ὑπερεβάλετο
395 3184 474 3266 τοὺς
501 3186 623 3266 ἀλλους
648 3185 800 3275 ίητροὺς,
830 3184 973 3276 ἀσκευής
995 3214 1059 3274 περ

58 3279 126 3350 έιδν
141 3283 197 3350 καλ
213 3287 298 3368 έχων
310 3281 411 3352 οὐδὲν
421 3290 489 3352 τῶν
501 3283 564 3353 ὅσα
578 3287 655 3372 περὶ
665 3283 727 3372 τήν
744 3287 861 3372 τέχνην
878 3288 946 3357 έοτλ
960 3290 1060 3375 έργα-
