2354 3840
150 196 206 260 176
520 202 768 259 HERODOTI

144 359 322 446 χρημάτων
345 367 484 427 ἔσονται.
519 360 573 426 καὶ
594 357 737 444 τὸνμὲν
759 366 953 447 τελευτῆσαι
980 358 1040 429 τόν
1057 368 1125 449 βίον,

143 454 221 533 τούς
244 460 280 522 δέ
306 460 424 532 παῖδας
449 451 553 522 αὐτοῦ
578 452 640 521 οὐκ
664 459 697 532 ές
717 452 850 541 μακρήν
873 461 977 542 ἔργου
1001 462 1126 543 ἐχεσθιο,

144 554 347 632 ἐπελθόντας
362 554 398 620 δὲ
412 555 464 620 ἐπὶ
479 549 518 618 τά
533 552 689 639 βασιλήια
704 550 824 629 νυκτός
839 554 896 620 καὶ
909 549 970 619 τόν
980 558 1077 621 λίθον
1088 552 1127 621 hl

143 661 188 744 τῷ
211 650 447 738 οἰκοδομήματι
470 650 675 738 ἀνευρόντας
695 655 830 740 ῥηιδίως
853 658 1127 739 μεταχειρίσασθαι

102 758 125 836 β
142 752 197 817 καὶ
217 756 284 816 τοῖν
305 748 482 836 χρημάτων
501 747 608 816 πολλοὶ
631 751 868 828 ἐξενείκασθαι.
907 746 968 826 Ὡς
983 747 1021 815 δὲ
1036 760 1127 833 τοχείι

143 846 202 914 τόν
227 850 363 932 βασιλέα
389 846 567 926 ἀνοίξαντα
591 844 628 913 τὸ
668 856 806 933 οίκημα,
832 844 991 932 θωμάσαι
1032 846 1128 925 ἰδόντι

142 954 209 1014 τῶν
225 946 402 1031 χρημάτων
418 948 560 1011 καταδεά
578 943 617 1011 τὰ
634 941 766 1031 ἀγγήια,
782 943 845 1012 οὐκ
860 950 948 1031 ἔχειν
964 946 1014 1032 δὲ,
1031 942 1128 1014 ὅντινα

141 1048 340 1130 ἐπαιτιᾶται,
369 1051 435 1111 τῶν
461 1071 495 1111 τε
523 1045 723 1130 σημάντρων
743 1043 869 1112 ἐόντων
892 1039 985 1110 σόων
1012 1048 1129 1115 καὶτοῦ

142 1144 320 1230 οἰκήματος
345 1138 574 1228 κεκληιμένου.
610 1141 654 1220 ὡς
677 1141 714 1210 δὲ
734 1140 824 1233 αὐτῷ
844 1145 900 1210 καὶ
924 1146 975 1221 δὶς
1000 1146 1055 1211 καλ
1076 1142 1129 1227 τρὶς

141 1239 310 1321 ἀνοίξαντι
325 1244 388 1307 αίελ
405 1240 534 1307 ἐλάσσω
548 1246 731 1325 φαίνεσθαι
748 1238 788 1307 τά
804 1240 955 1328 χρήματα
972 1238 1066 1331 (τούς
1079 1236 1129 1327 γδρ

141 1342 280 1417 κλέπτας
304 1336 367 1405 οὐκ
392 1338 523 1409 ἀνιέναι
549 1344 792 1426 κεραΐζοντας),
822 1347 963 1427 ποιῆσαί
975 1368 1036 1427 μιν
1051 1340 1128 1410 τάδε·

141 1435 248 1520 πάγας
259 1434 440 1519 προστάξαι
452 1435 669 1522 ἐργάσασθαι,
679 1438 733 1504 καὶ
744 1437 866 1516 ταύτας
876 1438 952 1524 περὶ
962 1436 1005 1505 τά
1016 1435 1129 1525 ἀγγήια,

141 1536 178 1599 ἐν
193 1546 277 1598 τοῖσι
293 1528 332 1597 τά
348 1533 496 1618 χρήματα
511 1536 602 1621 ἐνήν,
618 1541 742 1619 στῆσαι.
765 1541 833 1601 τῶν
844 1536 881 1603 δὲ
892 1542 1022 1623 φωρῶν
1035 1534 1129 1619 ὥσπερ

141 1633 177 1693 ἐν
193 1634 236 1715 τῷ
249 1624 313 1711 πρὸ
326 1636 386 1694 τοῦ
402 1631 512 1721 χρόνφ
528 1631 700 1699 ἐλθόντων
715 1635 770 1699 καὶ
784 1632 942 1712 ἐνδόντος
956 1640 1019 1701 τοῦ
1033 1634 1130 1719 ἑτέρον

141 1724 268 1809 αὐτῶν,
291 1730 361 1793 ἐπεὶ
382 1726 465 1813 πρὸς
486 1726 522 1794 τό
545 1728 646 1815 ἀγγος
666 1736 855 1817 προσῆλθε,
876 1732 979 1809 ἰθέως
994 1738 1035 1819 τῇ
1055 1730 1129 1817 πάγη

139 1822 327 1906 ἐνέχεσθαι·
352 1821 396 1902 ὡς
411 1823 447 1891 δὲ
461 1831 588 1909 γνῶναι
603 1823 708 1893 αὐτόν
728 1828 765 1894 ἐν
779 1830 839 1918 οἴφ
854 1833 945 1918 κακῷ
961 1821 1024 1915 ήν,
1045 1828 1129 1903 ίθέσι

139 1925 269 1990 καλέειν
294 1922 353 1990 τόν
377 1921 544 2010 ἀδελφεόν
565 1928 619 1993 καί
634 1929 761 2010 δηλοῦν
787 1922 877 2015 αὐτῷ
902 1922 942 1992 τά
964 1924 1127 2013 παρεόντι,

139 2025 192 2088 καὶ
205 2024 354 2089 κελεύειν
369 2021 430 2108 τήν
441 2029 596 2109 ταχίστην
608 2026 751 2092 ἐσδύντα
763 2022 946 2109 ἀποταμεῖν
962 2022 1068 2093 αὐτοῦ
1081 2020 1128 2109 τήν

139 2119 304 2205 κεφαλήν,
327 2121 413 2199 όκως
429 2120 472 2209 μή
492 2120 592 2200 αὐτός
610 2121 730 2209 ὀφθεὶς
751 2125 806 2191 καλ
823 2125 1026 2209 γνωρισθεὶς
1042 2120 1077 2203 δς
1089 2130 1127 2207 εἴη

138 2219 372 2302 προσαπολέσῃ
383 2221 437 2286 καὶ
464 2223 609 2288 ἐκεῖνον·
641 2230 686 2312 τῷ
712 2221 748 2289 δὲ
777 2223 871 2301 δόξαι
898 2215 939 2289 εὖ
958 2224 1069 2309 λέγειν
1085 2220 1126 2287 καί
1169 2214 1171 2221 ’

138 2318 275 2398 ποιῆσαί
295 2340 353 2397 μιν
378 2321 558 2386 πεισθέντα
579 2326 699 2403 ταῦτα,
729 2320 783 2386 καὶ
808 2319 1064 2406 καταρμόσαντα
1081 2314 1126 2387 τόν

136 2421 235 2482 λίθον
260 2412 393 2485 ἀπιέναι
419 2416 469 2485 ἐπ’
496 2429 609 2502 οἴκου,
642 2420 788 2505 φέροντα
819 2415 881 2503 τήν
906 2415 1058 2507 κεφαλήν
1079 2418 1125 2483 τοῦ

95 2535 117 2593 γ
136 2510 311 2595 ἀδελφεοῦ.
352 2511 410 2592 Ὡς
426 2516 462 2582 δὲ
476 2512 580 2601 ἡμέρη
597 2517 744 2599 ἐγένετο,
768 2514 953 2583 ἐσελθόντα
974 2513 1034 2587 τδν
1045 2522 1123 2603 βοσι·

135 2610 193 2675 λέα
207 2611 239 2684 ές
254 2606 291 2674 τό
308 2620 430 2697 οίκημα
442 2615 669 2697 ἐκπεπλῆχθαι
681 2609 820 2697 ὁρέοντα
835 2608 872 2678 τό
885 2619 982 2698 σῶμα
995 2620 1055 2682 τοῦ
1066 2634 1122 2699 φο-

135 2701 193 2787 ρός
214 2705 251 2770 έν
272 2711 311 2792 τή
336 2707 426 2794 πάγη
448 2706 530 2774 ἀνευ
554 2714 612 2793 τής
633 2716 779 2793 κεφαλῆς
804 2709 878 2794 ἐόν,
901 2706 938 2776 τό
960 2713 998 2779 δέ
1021 2720 1121 2795 οίιιημ
1166 2700 1171 2739 ³

135 2800 246 2878 ἀσινὲς
272 2804 326 2868 καὶ
354 2802 430 2870 οὔτε
456 2809 575 2872 ἔσοδον
601 2802 679 2870 οότε
705 2809 841 2872 ἔκδυσιν
866 2803 1031 2893 οὐδεμίαν
1053 2812 1118 2893 ἔχοι.

134 2895 366 2983 ἀπορεύμενον
379 2901 418 2967 δέ
425 2927 484 2986 μιν
495 2900 574 2968 τάδε
585 2907 737 2987 ποιήσαι·
761 2909 821 2968 τοῦ
836 2900 951 2991 φωρδς
965 2901 1026 2972 τόν
1037 2906 1118 2971 vm
1161 2882 1171 2935 ἦ

134 2994 216 3061 κατὰ
243 3002 302 3061 τοῦ
328 3001 450 3081 τείχεος
476 2997 738 3085 κατακρεμάσαι,
773 3000 950 3085 φυλάκους
974 3003 1012 3071 δὲ
1034 2998 1118 3069 αόταῦ
1160 2990 1169 3045 ἐ

133 3095 383 3176 καταστήσαντα
408 3096 623 3163 ἐντείλασθαί
642 3114 718 3181 σφι,
748 3093 807 3163 τόν
828 3093 872 3163 ἀν
894 3102 1032 3169 ἴδωνται
1052 3094 1117 3167 ἀπ’
1158 3090 1171 3187 ²,

133 3189 323 3258 κλαύσαντα
337 3187 357 3278 ἢ
373 3198 684 3282 κατοικτισάμενον,
701 3196 931 3284 συλλαβόντας
944 3198 1040 3286 ἀγειν
1052 3190 1116 3287 uo&
1159 3258 1164 3275 .

133 3287 267 3355 ἑωυτόν.
291 3286 569 3379 ἀνακρεμαμένου
590 3292 625 3361 δέ
640 3300 701 3360 τοῦ
718 3297 837 3373 νέκυος
854 3292 916 3383 τήν
930 3298 1052 3385 μητέρα
1063 3300 1114 3363 δει-
1161 3355 1164 3367 .

135 3389 198 3459 νώς
210 3384 341 3468 φέρειν,
361 3387 481 3471 λόγους
498 3392 533 3458 δέ
548 3389 632 3469 πρός
646 3390 705 3458 τόν
720 3392 897 3471 περιεόντα
908 3398 1111 3461 namnum·
1167 3390 1171 3439 ἶ
