<?xml version="1.0" encoding="UTF-8"?>
<!DOCTYPE html PUBLIC "-//W3C//DTD XHTML 1.0 Transitional//EN"
    "http://www.w3.org/TR/xhtml1/DTD/xhtml1-transitional.dtd">
<html xmlns="http://www.w3.org/1999/xhtml" xml:lang="en" lang="en">
 <head>
  <title>
</title>
<meta http-equiv="Content-Type" content="text/html;charset=utf-8" />
  <meta name='ocr-system' content='tesseract 3.04.00' />
  <meta name='ocr-capabilities' content='ocr_page ocr_carea ocr_par ocr_line ocrx_word'/>
</head>
<body>
  <div class='ocr_page' id='page_1' title='image "./herodotihistori03herogoog_0221.png"; bbox 0 0 2354 3840; ppageno 0'>
   <div class='ocr_carea' id='block_1_1' title="bbox 132 196 765 262">
    <p class='ocr_par' dir='ltr' id='par_1_1' title="bbox 132 196 765 262">
     <span class='ocr_line' id='line_1_1' title="bbox 132 196 765 262; baseline -0.016 0"><span class='ocrx_word' id='word_1_1' title='bbox 132 200 193 262; x_wconf 82' lang='lat'><strong><em>196</em></strong></span> <span class='ocrx_word' id='word_1_2' title='bbox 504 196 765 257; x_wconf 87' lang='lat' dir='ltr'>HERODOTI</span> 
     </span>
    </p>
   </div>
   <div class='ocr_carea' id='block_1_2' title="bbox 67 362 1144 3436">
    <p class='ocr_par' dir='ltr' id='par_1_2' title="bbox 67 362 1144 3436">
     <span class='ocr_line' id='line_1_2' title="bbox 134 362 1137 458; baseline -0.015 -17"><span class='ocrx_word' id='word_1_3' title='bbox 134 380 222 458; x_wconf 86' lang='grc' dir='ltr'><strong><em>δειν,</em></strong></span> <span class='ocrx_word' id='word_1_4' title='bbox 238 368 395 458; x_wconf 81' lang='grc' dir='ltr'><strong><em>ἁμαρτοδν</em></strong></span> <span class='ocrx_word' id='word_1_5' title='bbox 409 375 468 438; x_wconf 86' lang='grc' dir='ltr'><strong><em>τού</em></strong></span> <span class='ocrx_word' id='word_1_6' title='bbox 483 365 631 456; x_wconf 79' lang='grc' dir='ltr'><strong><em>ἀριθμοῦ</em></strong></span> <span class='ocrx_word' id='word_1_7' title='bbox 645 369 766 435; x_wconf 77' lang='grc' dir='ltr'><strong><em>ἕνδεκα</em></strong></span> <span class='ocrx_word' id='word_1_8' title='bbox 781 364 939 433; x_wconf 85' lang='grc' dir='ltr'><strong><em>δυύδεκα</em></strong></span> <span class='ocrx_word' id='word_1_9' title='bbox 952 365 1056 430; x_wconf 83' lang='grc' dir='ltr'><em>έούσι.</em></span> <span class='ocrx_word' id='word_1_10' title='bbox 1085 362 1101 427; x_wconf 78' lang='grc' dir='ltr'><strong><em>ί</em></strong></span> <span class='ocrx_word' id='word_1_11' title='bbox 1124 400 1137 410; x_wconf 92' lang='grc'>-</span> 
     </span>
     <span class='ocr_line' id='line_1_3' title="bbox 132 457 1139 557; baseline -0.017 -13"><span class='ocrx_word' id='word_1_12' title='bbox 132 480 244 544; x_wconf 87' lang='grc' dir='ltr'><strong><em>θαύτα</em></strong></span> <span class='ocrx_word' id='word_1_13' title='bbox 272 469 316 552; x_wconf 76' lang='grc' dir='ltr'><strong><em>ὥς</em></strong></span> <span class='ocrx_word' id='word_1_14' title='bbox 342 468 404 541; x_wconf 91' lang='grc' dir='ltr'><strong><em>ούκ</em></strong></span> <span class='ocrx_word' id='word_1_15' title='bbox 433 470 500 557; x_wconf 86' lang='grc' dir='ltr'><strong><em>είχε</em></strong></span> <span class='ocrx_word' id='word_1_16' title='bbox 528 469 654 557; x_wconf 77' lang='grc' dir='ltr'><em>φιάλην</em></span> <span class='ocrx_word' id='word_1_17' title='bbox 679 464 698 537; x_wconf 90' lang='grc' dir='ltr'><strong><em>ό</em></strong></span> <span class='ocrx_word' id='word_1_18' title='bbox 725 475 859 555; x_wconf 81' lang='grc' dir='ltr'><strong><em>ἔσχατος</em></strong></span> <span class='ocrx_word' id='word_1_19' title='bbox 887 460 1008 542; x_wconf 79' lang='grc' dir='ltr'><strong><em>ἕστεώς</em></strong></span> <span class='ocrx_word' id='word_1_20' title='bbox 1029 457 1139 529; x_wconf 75' lang='grc' dir='ltr'><strong><em>αὐτόν</em></strong></span> 
     </span>
     <span class='ocr_line' id='line_1_4' title="bbox 136 568 1138 665; baseline -0.017 -19"><span class='ocrx_word' id='word_1_21' title='bbox 136 577 419 665; x_wconf 75' lang='grc' dir='ltr'><strong><em>Ψαμμήτιχος,</em></strong></span> <span class='ocrx_word' id='word_1_22' title='bbox 438 572 672 660; x_wconf 80' lang='grc' dir='ltr'><strong><em>περιελόμενος</em></strong></span> <span class='ocrx_word' id='word_1_23' title='bbox 694 569 756 657; x_wconf 88' lang='grc' dir='ltr'><strong><em>τήν</em></strong></span> <span class='ocrx_word' id='word_1_24' title='bbox 774 569 901 655; x_wconf 87' lang='grc' dir='ltr'><em>κυνέην</em></span> <span class='ocrx_word' id='word_1_25' title='bbox 919 568 1043 634; x_wconf 81' lang='grc' dir='ltr'><strong><em>έοῦσαν</em></strong></span> <span class='ocrx_word' id='word_1_26' title='bbox 1062 572 1138 650; x_wconf 84' lang='grc' dir='ltr'><strong><em>χαλ-</em></strong></span> 
     </span>
     <span class='ocr_line' id='line_1_5' title="bbox 132 666 1136 767; baseline -0.015 -19"><span class='ocrx_word' id='word_1_27' title='bbox 132 686 213 767; x_wconf 89' lang='grc' dir='ltr'><em>κέην</em></span> <span class='ocrx_word' id='word_1_28' title='bbox 238 677 360 762; x_wconf 81' lang='grc' dir='ltr'><strong><em>ὑπέσχε</em></strong></span> <span class='ocrx_word' id='word_1_29' title='bbox 384 703 420 743; x_wconf 88' lang='grc' dir='ltr'><strong><em>τε</em></strong></span> <span class='ocrx_word' id='word_1_30' title='bbox 447 678 503 743; x_wconf 82' lang='grc' dir='ltr'><strong><em>καὶ</em></strong></span> <span class='ocrx_word' id='word_1_31' title='bbox 530 678 678 742; x_wconf 76' lang='grc' dir='ltr'><strong><em>ἔσπενδε.</em></strong></span> <span class='ocrx_word' id='word_1_32' title='bbox 713 677 834 750; x_wconf 80' lang='grc' dir='ltr'><em>κυνέας</em></span> <span class='ocrx_word' id='word_1_33' title='bbox 860 671 897 739; x_wconf 77' lang='grc' dir='ltr'><strong><em>δλ</em></strong></span> <span class='ocrx_word' id='word_1_34' title='bbox 918 675 974 738; x_wconf 74' lang='grc' dir='ltr'><strong><em>καὶ</em></strong></span> <span class='ocrx_word' id='word_1_35' title='bbox 996 672 1031 736; x_wconf 83' lang='grc' dir='ltr'><strong><em>ολ</em></strong></span> <span class='ocrx_word' id='word_1_36' title='bbox 1045 666 1136 734; x_wconf 79' lang='grc' dir='ltr'><em>ἄλλοι</em></span> 
     </span>
     <span class='ocr_line' id='line_1_6' title="bbox 132 767 1135 861; baseline -0.014 -16"><span class='ocrx_word' id='word_1_37' title='bbox 132 780 276 854; x_wconf 79' lang='grc' dir='ltr'><strong><em>ἅπαντες</em></strong></span> <span class='ocrx_word' id='word_1_38' title='bbox 292 774 438 861; x_wconf 83' lang='grc' dir='ltr'><strong><em>ἐφόρεόν</em></strong></span> <span class='ocrx_word' id='word_1_39' title='bbox 452 800 488 840; x_wconf 96' lang='grc' dir='ltr'><strong><em>τε</em></strong></span> <span class='ocrx_word' id='word_1_40' title='bbox 508 778 658 860; x_wconf 78' lang='grc' dir='ltr'><strong><em>βασιλέες</em></strong></span> <span class='ocrx_word' id='word_1_41' title='bbox 674 773 729 839; x_wconf 80' lang='grc' dir='ltr'><strong><em>καὶ</em></strong></span> <span class='ocrx_word' id='word_1_42' title='bbox 749 770 932 856; x_wconf 89' lang='grc' dir='ltr'><strong><em>έτύγχανον</em></strong></span> <span class='ocrx_word' id='word_1_43' title='bbox 952 767 1028 836; x_wconf 90' lang='grc' dir='ltr'><strong><em>τότε</em></strong></span> <span class='ocrx_word' id='word_1_44' title='bbox 1045 772 1135 851; x_wconf 83' lang='grc' dir='ltr'><strong><em>ἔχον-</em></strong></span> 
     </span>
     <span class='ocr_line' id='line_1_7' title="bbox 131 865 1137 964; baseline -0.013 -19"><span class='ocrx_word' id='word_1_45' title='bbox 131 905 193 956; x_wconf 87' lang='grc' dir='ltr'><strong><em>τες.</em></strong></span> <span class='ocrx_word' id='word_1_46' title='bbox 231 873 448 964; x_wconf 76' lang='grc' dir='ltr'><strong><em>Ψαμμήτιχος</em></strong></span> <span class='ocrx_word' id='word_1_47' title='bbox 469 877 531 959; x_wconf 85' lang='grc' dir='ltr'><strong><em>μέν</em></strong></span> <span class='ocrx_word' id='word_1_48' title='bbox 552 898 618 938; x_wconf 93' lang='grc' dir='ltr'><strong><em>νυν</em></strong></span> <span class='ocrx_word' id='word_1_49' title='bbox 639 869 754 938; x_wconf 83' lang='grc' dir='ltr'><strong><em>ούδενὶ</em></strong></span> <span class='ocrx_word' id='word_1_50' title='bbox 769 874 896 960; x_wconf 76' lang='grc' dir='ltr'><strong><em>δολερῷ</em></strong></span> <span class='ocrx_word' id='word_1_51' title='bbox 910 868 980 958; x_wconf 77' lang='grc' dir='ltr'><strong><em>νόῳ</em></strong></span> <span class='ocrx_word' id='word_1_52' title='bbox 1002 865 1137 954; x_wconf 88' lang='grc' dir='ltr'><strong><em>χρεόμε-</em></strong></span> 
     </span>
     <span class='ocr_line' id='line_1_8' title="bbox 130 967 1136 1061; baseline -0.01 -17"><span class='ocrx_word' id='word_1_53' title='bbox 130 1004 190 1055; x_wconf 89' lang='grc' dir='ltr'><strong><em>νος</em></strong></span> <span class='ocrx_word' id='word_1_54' title='bbox 204 973 326 1061; x_wconf 80' lang='grc' dir='ltr'><strong><em>ὑπέσχε</em></strong></span> <span class='ocrx_word' id='word_1_55' title='bbox 347 973 408 1061; x_wconf 85' lang='grc' dir='ltr'><strong><em>τήν</em></strong></span> <span class='ocrx_word' id='word_1_56' title='bbox 426 978 569 1059; x_wconf 89' lang='grc' dir='ltr'><strong><em>κυνέην,</em></strong></span> <span class='ocrx_word' id='word_1_57' title='bbox 591 976 624 1038; x_wconf 85' lang='grc' dir='ltr'><strong><em>οί</em></strong></span> <span class='ocrx_word' id='word_1_58' title='bbox 645 973 682 1038; x_wconf 73' lang='grc' dir='ltr'><strong><em>δὲ</em></strong></span> <span class='ocrx_word' id='word_1_59' title='bbox 702 973 739 1038; x_wconf 84' lang='grc' dir='ltr'><strong><em>έν</em></strong></span> <span class='ocrx_word' id='word_1_60' title='bbox 761 972 860 1057; x_wconf 79' lang='grc' dir='ltr'><strong><em>φρενὶ</em></strong></span> <span class='ocrx_word' id='word_1_61' title='bbox 875 967 1035 1056; x_wconf 88' lang='grc' dir='ltr'><strong><em>λαβόντες</em></strong></span> <span class='ocrx_word' id='word_1_62' title='bbox 1049 967 1088 1036; x_wconf 93' lang='grc' dir='ltr'><strong><em>τό</em></strong></span> <span class='ocrx_word' id='word_1_63' title='bbox 1103 992 1136 1034; x_wconf 91' lang='grc' dir='ltr'><strong><em>τε</em></strong></span> 
     </span>
     <span class='ocr_line' id='line_1_9' title="bbox 132 1065 1138 1158; baseline -0.009 -17"><span class='ocrx_word' id='word_1_64' title='bbox 132 1072 277 1158; x_wconf 73' lang='grc' dir='ltr'><strong><em>ποιηθέν</em></strong></span> <span class='ocrx_word' id='word_1_65' title='bbox 292 1075 328 1138; x_wconf 85' lang='grc' dir='ltr'><strong><em>έκ</em></strong></span> <span class='ocrx_word' id='word_1_66' title='bbox 335 1074 556 1156; x_wconf 80' lang='grc' dir='ltr'><strong><em>Ψαμμητίχου</em></strong></span> <span class='ocrx_word' id='word_1_67' title='bbox 568 1072 624 1136; x_wconf 82' lang='grc' dir='ltr'><strong><em>καὶ</em></strong></span> <span class='ocrx_word' id='word_1_68' title='bbox 640 1065 676 1135; x_wconf 87' lang='grc' dir='ltr'><strong><em>τό</em></strong></span> <span class='ocrx_word' id='word_1_69' title='bbox 693 1067 911 1154; x_wconf 90' lang='grc' dir='ltr'><strong><em>χρηστήριον,</em></strong></span> <span class='ocrx_word' id='word_1_70' title='bbox 928 1065 991 1133; x_wconf 87' lang='grc' dir='ltr'><strong><em>ότι</em></strong></span> <span class='ocrx_word' id='word_1_71' title='bbox 1007 1069 1138 1151; x_wconf 82' lang='grc' dir='ltr'><strong><em>ἐκέχρη-</em></strong></span> 
     </span>
     <span class='ocr_line' id='line_1_10' title="bbox 132 1163 1137 1258; baseline -0.011 -19"><span class='ocrx_word' id='word_1_72' title='bbox 132 1171 192 1239; x_wconf 92' lang='grc' dir='ltr'><strong><em>στό</em></strong></span> <span class='ocrx_word' id='word_1_73' title='bbox 215 1190 293 1255; x_wconf 84' lang='grc' dir='ltr'><strong><em>σφι,</em></strong></span> <span class='ocrx_word' id='word_1_74' title='bbox 320 1168 381 1237; x_wconf 86' lang='grc' dir='ltr'><strong><em>τόν</em></strong></span> <span class='ocrx_word' id='word_1_75' title='bbox 405 1173 527 1258; x_wconf 79' lang='grc' dir='ltr'><em>χαλκέη</em></span> <span class='ocrx_word' id='word_1_76' title='bbox 549 1174 730 1235; x_wconf 81' lang='grc' dir='ltr'><em>σπείσαντα</em></span> <span class='ocrx_word' id='word_1_77' title='bbox 757 1163 870 1234; x_wconf 81' lang='grc' dir='ltr'><strong><em>αύτύν</em></strong></span> <span class='ocrx_word' id='word_1_78' title='bbox 895 1165 1000 1255; x_wconf 75' lang='grc' dir='ltr'><em>φιάλη</em></span> <span class='ocrx_word' id='word_1_79' title='bbox 1019 1170 1137 1233; x_wconf 77' lang='grc' dir='ltr'><strong><em>τοῦτον</em></strong></span> 
     </span>
     <span class='ocr_line' id='line_1_11' title="bbox 130 1261 1139 1356; baseline -0.01 -21"><span class='ocrx_word' id='word_1_80' title='bbox 130 1273 268 1356; x_wconf 76' lang='grc' dir='ltr'><strong><em>βασιλέα</em></strong></span> <span class='ocrx_word' id='word_1_81' title='bbox 286 1274 423 1336; x_wconf 82' lang='grc' dir='ltr'><strong><em>ἔσεσθαι</em></strong></span> <span class='ocrx_word' id='word_1_82' title='bbox 439 1273 570 1354; x_wconf 87' lang='grc' dir='ltr'><strong><em>μοῦνον</em></strong></span> <span class='ocrx_word' id='word_1_83' title='bbox 584 1265 771 1352; x_wconf 78' lang='grc' dir='ltr'><strong><em>Αἰγύπτου,</em></strong></span> <span class='ocrx_word' id='word_1_84' title='bbox 793 1261 1067 1352; x_wconf 77' lang='grc' dir='ltr'><em>ἀναμνησθέντες</em></span> <span class='ocrx_word' id='word_1_85' title='bbox 1080 1266 1139 1328; x_wconf 86' lang='grc' dir='ltr'><strong><em>τοῦ</em></strong></span> 
     </span>
     <span class='ocr_line' id='line_1_12' title="bbox 130 1357 1140 1454; baseline -0.004 -22"><span class='ocrx_word' id='word_1_86' title='bbox 130 1373 282 1454; x_wconf 78' lang='grc' dir='ltr'><strong><em>χρησμοῦ</em></strong></span> <span class='ocrx_word' id='word_1_87' title='bbox 302 1380 429 1432; x_wconf 69' lang='grc' dir='ltr'><strong><em>κτεῖναι</em></strong></span> <span class='ocrx_word' id='word_1_88' title='bbox 450 1368 512 1449; x_wconf 73' lang='grc' dir='ltr'><strong><em>μὲν</em></strong></span> <span class='ocrx_word' id='word_1_89' title='bbox 531 1361 595 1431; x_wconf 90' lang='grc' dir='ltr'><strong><em>ούκ</em></strong></span> <span class='ocrx_word' id='word_1_90' title='bbox 617 1367 817 1431; x_wconf 76' lang='grc' dir='ltr'><em>ἐδικαίωσαν</em></span> <span class='ocrx_word' id='word_1_91' title='bbox 835 1359 1074 1448; x_wconf 80' lang='grc' dir='ltr'><strong><em>Ψαμμήτιχον,</em></strong></span> <span class='ocrx_word' id='word_1_92' title='bbox 1097 1357 1140 1439; x_wconf 80' lang='grc' dir='ltr'><strong><em>ὡς</em></strong></span> 
     </span>
     <span class='ocr_line' id='line_1_13' title="bbox 132 1458 1140 1549; baseline -0.004 -18"><span class='ocrx_word' id='word_1_93' title='bbox 132 1462 337 1549; x_wconf 77' lang='grc' dir='ltr'><em>ἀνεύρισκον</em></span> <span class='ocrx_word' id='word_1_94' title='bbox 357 1468 592 1548; x_wconf 78' lang='grc' dir='ltr'><strong><em>βασανίζοντες</em></strong></span> <span class='ocrx_word' id='word_1_95' title='bbox 618 1465 651 1541; x_wconf 86' lang='grc' dir='ltr'><strong><em>έξ</em></strong></span> <span class='ocrx_word' id='word_1_96' title='bbox 678 1460 836 1547; x_wconf 84' lang='grc' dir='ltr'><strong><em>ούδεμιής</em></strong></span> <span class='ocrx_word' id='word_1_97' title='bbox 855 1468 1015 1548; x_wconf 80' lang='grc' dir='ltr'><strong><em>προνοίης</em></strong></span> <span class='ocrx_word' id='word_1_98' title='bbox 1036 1458 1140 1528; x_wconf 75' lang='grc' dir='ltr'><strong><em>αὐτόν</em></strong></span> 
     </span>
     <span class='ocr_line' id='line_1_14' title="bbox 132 1557 1141 1647; baseline -0.004 -17"><span class='ocrx_word' id='word_1_99' title='bbox 132 1562 336 1647; x_wconf 85' lang='grc' dir='ltr'><strong><em>ποιήσαντα,</em></strong></span> <span class='ocrx_word' id='word_1_100' title='bbox 359 1562 392 1638; x_wconf 86' lang='grc' dir='ltr'><strong><em>ές</em></strong></span> <span class='ocrx_word' id='word_1_101' title='bbox 414 1562 450 1627; x_wconf 72' lang='grc' dir='ltr'><strong><em>δέ</em></strong></span> <span class='ocrx_word' id='word_1_102' title='bbox 464 1559 504 1627; x_wconf 79' lang='grc' dir='ltr'><strong><em>τὰ</em></strong></span> <span class='ocrx_word' id='word_1_103' title='bbox 526 1564 602 1628; x_wconf 80' lang='grc' dir='ltr'><strong><em>ἕλεα</em></strong></span> <span class='ocrx_word' id='word_1_104' title='bbox 617 1564 712 1639; x_wconf 82' lang='grc' dir='ltr'><strong><em>ἔδοξέ</em></strong></span> <span class='ocrx_word' id='word_1_105' title='bbox 723 1580 785 1645; x_wconf 84' lang='grc' dir='ltr'><strong><em>σφι</em></strong></span> <span class='ocrx_word' id='word_1_106' title='bbox 802 1563 916 1638; x_wconf 81' lang='grc' dir='ltr'><strong><em>διῶξαι</em></strong></span> <span class='ocrx_word' id='word_1_107' title='bbox 931 1557 1141 1636; x_wconf 75' lang='grc' dir='ltr'><strong><em>ψιλώσαντας</em></strong></span> 
     </span>
     <span class='ocr_line' id='line_1_15' title="bbox 131 1655 1141 1746; baseline -0.004 -19"><span class='ocrx_word' id='word_1_108' title='bbox 131 1659 172 1727; x_wconf 76' lang='grc' dir='ltr'><strong><em>τὰ</em></strong></span> <span class='ocrx_word' id='word_1_109' title='bbox 187 1668 323 1729; x_wconf 75' lang='grc' dir='ltr'><strong><em>πλείστα</em></strong></span> <span class='ocrx_word' id='word_1_110' title='bbox 338 1665 396 1744; x_wconf 84' lang='grc' dir='ltr'><strong><em>τῆς</em></strong></span> <span class='ocrx_word' id='word_1_111' title='bbox 413 1658 593 1746; x_wconf 91' lang='grc' dir='ltr'><strong><em>δύναμιος,</em></strong></span> <span class='ocrx_word' id='word_1_112' title='bbox 616 1661 653 1726; x_wconf 87' lang='grc' dir='ltr'><strong><em>έκ</em></strong></span> <span class='ocrx_word' id='word_1_113' title='bbox 670 1660 707 1727; x_wconf 72' lang='grc' dir='ltr'><strong><em>δὲ</em></strong></span> <span class='ocrx_word' id='word_1_114' title='bbox 723 1666 792 1726; x_wconf 69' lang='grc' dir='ltr'><strong><em>τεόν</em></strong></span> <span class='ocrx_word' id='word_1_115' title='bbox 809 1659 912 1726; x_wconf 80' lang='grc' dir='ltr'><em>ἑλέων</em></span> <span class='ocrx_word' id='word_1_116' title='bbox 932 1655 1141 1745; x_wconf 88' lang='grc' dir='ltr'><strong><em>όρμεόμενον</em></strong></span> 
     </span>
     <span class='ocr_line' id='line_1_16' title="bbox 67 1755 1141 1849; baseline -0.007 -18"><span class='ocrx_word' id='word_1_117' title='bbox 67 1778 116 1834; x_wconf 77' lang='grc'><strong><em>152</em></strong></span> <span class='ocrx_word' id='word_1_118' title='bbox 131 1756 175 1847; x_wconf 89' lang='grc' dir='ltr'><strong><em>μή</em></strong></span> <span class='ocrx_word' id='word_1_119' title='bbox 193 1760 427 1844; x_wconf 75' lang='grc' dir='ltr'><strong><em>ἐπιμίσγεσθαι</em></strong></span> <span class='ocrx_word' id='word_1_120' title='bbox 441 1765 481 1846; x_wconf 80' lang='grc' dir='ltr'><strong><em>τῇ</em></strong></span> <span class='ocrx_word' id='word_1_121' title='bbox 497 1756 581 1844; x_wconf 77' lang='grc' dir='ltr'><strong><em>ἄλλη</em></strong></span> <span class='ocrx_word' id='word_1_122' title='bbox 592 1758 762 1849; x_wconf 77' lang='grc' dir='ltr'><strong><em>Αἰγύπτῳ.</em></strong></span> <span class='ocrx_word' id='word_1_123' title='bbox 800 1756 869 1825; x_wconf 88' lang='grc' dir='ltr'><strong><em>Τόν</em></strong></span> <span class='ocrx_word' id='word_1_124' title='bbox 881 1755 1141 1844; x_wconf 72' lang='grc' dir='ltr'><strong><em>δὲΨαμμήτιχον</em></strong></span> 
     </span>
     <span class='ocr_line' id='line_1_17' title="bbox 133 1851 1141 1942; baseline -0.005 -17"><span class='ocrx_word' id='word_1_125' title='bbox 133 1863 254 1925; x_wconf 87' lang='grc' dir='ltr'><strong><em>τούτου</em></strong></span> <span class='ocrx_word' id='word_1_126' title='bbox 276 1855 442 1941; x_wconf 87' lang='grc' dir='ltr'><strong><em>πρότερον</em></strong></span> <span class='ocrx_word' id='word_1_127' title='bbox 460 1855 632 1941; x_wconf 88' lang='grc' dir='ltr'><strong><em>φεύγοντα</em></strong></span> <span class='ocrx_word' id='word_1_128' title='bbox 652 1853 713 1922; x_wconf 83' lang='grc' dir='ltr'><strong><em>τὸν</em></strong></span> <span class='ocrx_word' id='word_1_129' title='bbox 729 1861 881 1923; x_wconf 80' lang='grc' dir='ltr'><strong><em>Αἰθίοπα</em></strong></span> <span class='ocrx_word' id='word_1_130' title='bbox 895 1855 1083 1942; x_wconf 70' lang='grc' dir='ltr'><strong><em>Σαβακῶν,</em></strong></span> <span class='ocrx_word' id='word_1_131' title='bbox 1105 1851 1141 1930; x_wconf 90' lang='grc' dir='ltr'><strong><em>ός</em></strong></span> 
     </span>
     <span class='ocr_line' id='line_1_18' title="bbox 134 1951 1141 2039; baseline -0.007 -15"><span class='ocrx_word' id='word_1_132' title='bbox 134 1961 169 2025; x_wconf 80' lang='grc' dir='ltr'><strong><em>ολ</em></strong></span> <span class='ocrx_word' id='word_1_133' title='bbox 181 1953 242 2023; x_wconf 87' lang='grc' dir='ltr'><strong><em>τόν</em></strong></span> <span class='ocrx_word' id='word_1_134' title='bbox 257 1957 382 2036; x_wconf 84' lang='grc' dir='ltr'><strong><em>πατέρα</em></strong></span> <span class='ocrx_word' id='word_1_135' title='bbox 396 1951 520 2022; x_wconf 76' lang='grc' dir='ltr'><strong><em>Νεκοδν</em></strong></span> <span class='ocrx_word' id='word_1_136' title='bbox 536 1951 724 2038; x_wconf 82' lang='grc' dir='ltr'><strong><em>ἀπέκτεινε,</em></strong></span> <span class='ocrx_word' id='word_1_137' title='bbox 747 1961 868 2021; x_wconf 83' lang='grc' dir='ltr'><strong><em>τοῦτον</em></strong></span> <span class='ocrx_word' id='word_1_138' title='bbox 883 1954 1054 2039; x_wconf 87' lang='grc' dir='ltr'><strong><em>φεύγοντα</em></strong></span> <span class='ocrx_word' id='word_1_139' title='bbox 1068 1951 1141 2020; x_wconf 90' lang='grc' dir='ltr'><strong><em>τότε</em></strong></span> 
     </span>
     <span class='ocr_line' id='line_1_19' title="bbox 134 2045 1140 2137; baseline -0.005 -17"><span class='ocrx_word' id='word_1_140' title='bbox 134 2058 167 2132; x_wconf 83' lang='grc' dir='ltr'><strong><em>ές</em></strong></span> <span class='ocrx_word' id='word_1_141' title='bbox 182 2057 331 2136; x_wconf 85' lang='grc' dir='ltr'><strong><em>Συρίην,</em></strong></span> <span class='ocrx_word' id='word_1_142' title='bbox 355 2048 400 2129; x_wconf 76' lang='grc' dir='ltr'><strong><em>ὡς</em></strong></span> <span class='ocrx_word' id='word_1_143' title='bbox 421 2048 620 2137; x_wconf 77' lang='grc' dir='ltr'><strong><em>ἀπηλλάχθη</em></strong></span> <span class='ocrx_word' id='word_1_144' title='bbox 640 2053 676 2118; x_wconf 77' lang='grc' dir='ltr'><strong><em>ἐκ</em></strong></span> <span class='ocrx_word' id='word_1_145' title='bbox 697 2057 755 2136; x_wconf 80' lang='grc' dir='ltr'><strong><em>τῆς</em></strong></span> <span class='ocrx_word' id='word_1_146' title='bbox 772 2048 868 2129; x_wconf 75' lang='grc' dir='ltr'><strong><em>όιίιιος</em></strong></span> <span class='ocrx_word' id='word_1_147' title='bbox 889 2058 950 2119; x_wconf 85' lang='grc' dir='ltr'><strong><em>τοῦ</em></strong></span> <span class='ocrx_word' id='word_1_148' title='bbox 967 2048 1103 2133; x_wconf 85' lang='grc' dir='ltr'><strong><em>ὀνείρου</em></strong></span> <span class='ocrx_word' id='word_1_149' title='bbox 1123 2045 1140 2115; x_wconf 82' lang='grc' dir='ltr'><strong><em>ό</em></strong></span> 
     </span>
     <span class='ocr_line' id='line_1_20' title="bbox 133 2143 1142 2236; baseline -0.002 -19"><span class='ocrx_word' id='word_1_150' title='bbox 133 2154 281 2229; x_wconf 80' lang='grc' dir='ltr'><strong><em>Αίθίοψ,</em></strong></span> <span class='ocrx_word' id='word_1_151' title='bbox 297 2146 489 2233; x_wconf 79' lang='grc' dir='ltr'><strong><em>κατήγαγον</em></strong></span> <span class='ocrx_word' id='word_1_152' title='bbox 500 2155 695 2233; x_wconf 86' lang='grc' dir='ltr'><strong><em>Αίγυπτίων</em></strong></span> <span class='ocrx_word' id='word_1_153' title='bbox 710 2143 821 2235; x_wconf 80' lang='grc' dir='ltr'><strong><em>οὗτοι,</em></strong></span> <span class='ocrx_word' id='word_1_154' title='bbox 845 2151 924 2216; x_wconf 81' lang='grc' dir='ltr'><strong><em>οἳέκ</em></strong></span> <span class='ocrx_word' id='word_1_155' title='bbox 937 2157 1047 2236; x_wconf 82' lang='grc' dir='ltr'><strong><em>νομοῦ</em></strong></span> <span class='ocrx_word' id='word_1_156' title='bbox 1057 2153 1142 2216; x_wconf 83' lang='grc' dir='ltr'><strong><em>Σαί-</em></strong></span> 
     </span>
     <span class='ocr_line' id='line_1_21' title="bbox 132 2242 1142 2332; baseline -0.002 -20"><span class='ocrx_word' id='word_1_157' title='bbox 132 2243 198 2312; x_wconf 82' lang='grc' dir='ltr'><strong><em>τεύ</em></strong></span> <span class='ocrx_word' id='word_1_158' title='bbox 221 2247 293 2310; x_wconf 88' lang='grc' dir='ltr'><strong><em>είσι.</em></strong></span> <span class='ocrx_word' id='word_1_159' title='bbox 327 2242 409 2329; x_wconf 77' lang='grc' dir='ltr'><strong><em>μετὰ</em></strong></span> <span class='ocrx_word' id='word_1_160' title='bbox 433 2246 469 2311; x_wconf 81' lang='grc' dir='ltr'><strong><em>δὲ</em></strong></span> <span class='ocrx_word' id='word_1_161' title='bbox 494 2247 716 2330; x_wconf 84' lang='grc' dir='ltr'><strong><em>βασιλεύοντα</em></strong></span> <span class='ocrx_word' id='word_1_162' title='bbox 733 2243 770 2313; x_wconf 87' lang='grc' dir='ltr'><strong><em>τό</em></strong></span> <span class='ocrx_word' id='word_1_163' title='bbox 792 2245 952 2332; x_wconf 88' lang='grc' dir='ltr'><strong><em>δεύτερον</em></strong></span> <span class='ocrx_word' id='word_1_164' title='bbox 966 2243 1052 2331; x_wconf 87' lang='grc' dir='ltr'><strong><em>πρός</em></strong></span> <span class='ocrx_word' id='word_1_165' title='bbox 1074 2252 1142 2313; x_wconf 78' lang='grc' dir='ltr'><strong><em>τῶν</em></strong></span> 
     </span>
     <span class='ocr_line' id='line_1_22' title="bbox 134 2340 1139 2430; baseline -0.001 -19"><span class='ocrx_word' id='word_1_166' title='bbox 134 2346 254 2411; x_wconf 80' lang='grc' dir='ltr'><strong><em>ἕνδεκα</em></strong></span> <span class='ocrx_word' id='word_1_167' title='bbox 265 2345 433 2428; x_wconf 85' lang='grc' dir='ltr'><strong><em>βασιλέων</em></strong></span> <span class='ocrx_word' id='word_1_168' title='bbox 446 2344 694 2430; x_wconf 80' lang='grc' dir='ltr'><strong><em>καταλαμβάνει</em></strong></span> <span class='ocrx_word' id='word_1_169' title='bbox 706 2369 766 2430; x_wconf 93' lang='grc' dir='ltr'><strong><em>μιν</em></strong></span> <span class='ocrx_word' id='word_1_170' title='bbox 777 2340 832 2410; x_wconf 76' lang='grc' dir='ltr'><strong><em>διδ</em></strong></span> <span class='ocrx_word' id='word_1_171' title='bbox 845 2341 908 2428; x_wconf 87' lang='grc' dir='ltr'><strong><em>τήν</em></strong></span> <span class='ocrx_word' id='word_1_172' title='bbox 919 2347 1045 2429; x_wconf 84' lang='grc' dir='ltr'><em>κυνέην</em></span> <span class='ocrx_word' id='word_1_173' title='bbox 1057 2344 1139 2429; x_wconf 82' lang='grc' dir='ltr'><strong><em>φεύ·</em></strong></span> 
     </span>
     <span class='ocr_line' id='line_1_23' title="bbox 133 2432 1142 2528; baseline 0.001 -21"><span class='ocrx_word' id='word_1_174' title='bbox 133 2468 207 2528; x_wconf 91' lang='grc' dir='ltr'><strong><em>γειν</em></strong></span> <span class='ocrx_word' id='word_1_175' title='bbox 229 2443 261 2517; x_wconf 89' lang='grc' dir='ltr'><strong><em>ές</em></strong></span> <span class='ocrx_word' id='word_1_176' title='bbox 283 2436 324 2505; x_wconf 74' lang='grc' dir='ltr'><strong><em>τό</em></strong></span> <span class='ocrx_word' id='word_1_177' title='bbox 346 2442 430 2507; x_wconf 81' lang='grc' dir='ltr'><strong><em>ἕλεα.</em></strong></span> <span class='ocrx_word' id='word_1_178' title='bbox 465 2441 683 2526; x_wconf 84' lang='grc' dir='ltr'><strong><em>έπιστύμενος</em></strong></span> <span class='ocrx_word' id='word_1_179' title='bbox 704 2432 770 2525; x_wconf 71' lang='grc' dir='ltr'><strong><em>οἶν,</em></strong></span> <span class='ocrx_word' id='word_1_180' title='bbox 800 2436 845 2518; x_wconf 80' lang='grc' dir='ltr'><strong><em>ὡς</em></strong></span> <span class='ocrx_word' id='word_1_181' title='bbox 864 2442 1142 2528; x_wconf 87' lang='grc' dir='ltr'><strong><em>περιυβρισμένος</em></strong></span> 
     </span>
     <span class='ocr_line' id='line_1_24' title="bbox 136 2531 1140 2622; baseline 0.001 -19"><span class='ocrx_word' id='word_1_182' title='bbox 136 2546 186 2622; x_wconf 86' lang='grc' dir='ltr'><strong><em>είη</em></strong></span> <span class='ocrx_word' id='word_1_183' title='bbox 219 2531 303 2620; x_wconf 83' lang='grc' dir='ltr'><strong><em>πρὸς</em></strong></span> <span class='ocrx_word' id='word_1_184' title='bbox 331 2533 462 2621; x_wconf 79' lang='grc' dir='ltr'><strong><em>αὐτῶν,</em></strong></span> <span class='ocrx_word' id='word_1_185' title='bbox 496 2537 631 2604; x_wconf 82' lang='grc' dir='ltr'><strong><em>ἐπενόεε</em></strong></span> <span class='ocrx_word' id='word_1_186' title='bbox 660 2543 818 2604; x_wconf 74' lang='grc' dir='ltr'><strong><em>τίσασθαι</em></strong></span> <span class='ocrx_word' id='word_1_187' title='bbox 844 2535 922 2614; x_wconf 85' lang='grc' dir='ltr'><strong><em>τούς</em></strong></span> <span class='ocrx_word' id='word_1_188' title='bbox 950 2539 1140 2619; x_wconf 78' lang='grc' dir='ltr'><strong><em>διιόξαντας.</em></strong></span> 
     </span>
     <span class='ocr_line' id='line_1_25' title="bbox 134 2630 1141 2722; baseline 0.005 -23"><span class='ocrx_word' id='word_1_189' title='bbox 134 2633 302 2714; x_wconf 75' lang='grc' dir='ltr'><strong><em>πέμψαντι</em></strong></span> <span class='ocrx_word' id='word_1_190' title='bbox 325 2632 364 2697; x_wconf 87' lang='grc' dir='ltr'><strong><em>δέ</em></strong></span> <span class='ocrx_word' id='word_1_191' title='bbox 379 2637 413 2699; x_wconf 93' lang='grc' dir='ltr'><strong><em>οί</em></strong></span> <span class='ocrx_word' id='word_1_192' title='bbox 428 2636 461 2710; x_wconf 88' lang='grc' dir='ltr'><strong><em>ές</em></strong></span> <span class='ocrx_word' id='word_1_193' title='bbox 474 2640 629 2700; x_wconf 83' lang='grc' dir='ltr'><strong><em>Βουτοῦν</em></strong></span> <span class='ocrx_word' id='word_1_194' title='bbox 643 2632 743 2700; x_wconf 92' lang='grc' dir='ltr'><strong><em>πόλιν</em></strong></span> <span class='ocrx_word' id='word_1_195' title='bbox 765 2634 798 2709; x_wconf 84' lang='grc' dir='ltr'><strong><em>ές</em></strong></span> <span class='ocrx_word' id='word_1_196' title='bbox 817 2630 854 2699; x_wconf 86' lang='grc' dir='ltr'><strong><em>τό</em></strong></span> <span class='ocrx_word' id='word_1_197' title='bbox 870 2634 1072 2722; x_wconf 91' lang='grc' dir='ltr'><strong><em>χρηστήριον</em></strong></span> <span class='ocrx_word' id='word_1_198' title='bbox 1086 2644 1141 2720; x_wconf 81' lang='grc' dir='ltr'><strong><em>τῆς</em></strong></span> 
     </span>
     <span class='ocr_line' id='line_1_26' title="bbox 133 2729 1139 2825; baseline 0.004 -29"><span class='ocrx_word' id='word_1_199' title='bbox 133 2737 275 2816; x_wconf 80' lang='grc' dir='ltr'><strong><em>Λητοῦς,</em></strong></span> <span class='ocrx_word' id='word_1_200' title='bbox 291 2736 377 2798; x_wconf 81' lang='grc' dir='ltr'><strong><em>ἔνθα</em></strong></span> <span class='ocrx_word' id='word_1_201' title='bbox 392 2729 434 2818; x_wconf 89' lang='grc' dir='ltr'><strong><em>δή</em></strong></span> <span class='ocrx_word' id='word_1_202' title='bbox 444 2738 664 2818; x_wconf 86' lang='grc' dir='ltr'><strong><em>Αίγυπτίοισί</em></strong></span> <span class='ocrx_word' id='word_1_203' title='bbox 674 2738 743 2803; x_wconf 81' lang='grc' dir='ltr'><strong><em>ἐστι</em></strong></span> <span class='ocrx_word' id='word_1_204' title='bbox 758 2734 920 2825; x_wconf 91' lang='grc' dir='ltr'><strong><em>μαντήιον</em></strong></span> <span class='ocrx_word' id='word_1_205' title='bbox 934 2731 1139 2815; x_wconf 75' lang='grc' dir='ltr'><strong><em>ἀψευδέστα-</em></strong></span> 
     </span>
     <span class='ocr_line' id='line_1_27' title="bbox 133 2824 1140 2924; baseline 0.004 -25"><span class='ocrx_word' id='word_1_206' title='bbox 133 2858 208 2917; x_wconf 91' lang='grc' dir='ltr'><strong><em>τον,</em></strong></span> <span class='ocrx_word' id='word_1_207' title='bbox 235 2824 321 2922; x_wconf 85' lang='grc' dir='ltr'><strong><em>ήλθε</em></strong></span> <span class='ocrx_word' id='word_1_208' title='bbox 342 2831 503 2921; x_wconf 87' lang='grc' dir='ltr'><strong><em>χρησμός,</em></strong></span> <span class='ocrx_word' id='word_1_209' title='bbox 525 2829 569 2914; x_wconf 82' lang='grc' dir='ltr'><strong><em>οός</em></strong></span> <span class='ocrx_word' id='word_1_210' title='bbox 588 2841 672 2915; x_wconf 87' lang='grc' dir='ltr'><strong><em>τίσις</em></strong></span> <span class='ocrx_word' id='word_1_211' title='bbox 690 2832 760 2923; x_wconf 83' lang='grc' dir='ltr'><strong><em>ήξει</em></strong></span> <span class='ocrx_word' id='word_1_212' title='bbox 781 2833 846 2905; x_wconf 88' lang='grc' dir='ltr'><strong><em>ιἰπδ</em></strong></span> <span class='ocrx_word' id='word_1_213' title='bbox 865 2835 1038 2924; x_wconf 84' lang='grc' dir='ltr'><strong><em>θαλύσσης</em></strong></span> <span class='ocrx_word' id='word_1_214' title='bbox 1062 2844 1140 2923; x_wconf 92' lang='grc' dir='ltr'><strong><em>χαλ-</em></strong></span> 
     </span>
     <span class='ocr_line' id='line_1_28' title="bbox 134 2934 1140 3032; baseline 0.002 -30"><span class='ocrx_word' id='word_1_215' title='bbox 134 2937 222 3004; x_wconf 83' lang='grc' dir='ltr'><strong><em>κέων</em></strong></span> <span class='ocrx_word' id='word_1_216' title='bbox 237 2934 373 3021; x_wconf 77' lang='grc' dir='ltr'><strong><em>ἀνδρῶν</em></strong></span> <span class='ocrx_word' id='word_1_217' title='bbox 394 2939 637 3024; x_wconf 81' lang='grc' dir='ltr'><strong><em>ἐπιφανέντων.</em></strong></span> <span class='ocrx_word' id='word_1_218' title='bbox 666 2941 782 3032; x_wconf 78' lang='grc' dir='ltr'><strong><em>καὶτῷ</em></strong></span> <span class='ocrx_word' id='word_1_219' title='bbox 795 2939 857 3027; x_wconf 74' lang='grc' dir='ltr'><strong><em>μὲν</em></strong></span> <span class='ocrx_word' id='word_1_220' title='bbox 871 2937 913 3027; x_wconf 86' lang='grc' dir='ltr'><strong><em>δή</em></strong></span> <span class='ocrx_word' id='word_1_221' title='bbox 933 2934 1069 3025; x_wconf 78' lang='grc' dir='ltr'><strong><em>ἀπιστίη</em></strong></span> <span class='ocrx_word' id='word_1_222' title='bbox 1083 2964 1140 3024; x_wconf 86' lang='grc' dir='ltr'><strong><em>με·</em></strong></span> 
     </span>
     <span class='ocr_line' id='line_1_29' title="bbox 134 3035 1142 3130; baseline -0.001 -24"><span class='ocrx_word' id='word_1_223' title='bbox 134 3038 218 3127; x_wconf 85' lang='grc' dir='ltr'><strong><em>γύλη</em></strong></span> <span class='ocrx_word' id='word_1_224' title='bbox 237 3035 422 3125; x_wconf 83' lang='grc' dir='ltr'><strong><em>ὑπεκέχυτο</em></strong></span> <span class='ocrx_word' id='word_1_225' title='bbox 441 3041 601 3126; x_wconf 85' lang='grc' dir='ltr'><strong><em>χαλκέους</em></strong></span> <span class='ocrx_word' id='word_1_226' title='bbox 622 3043 658 3106; x_wconf 87' lang='grc' dir='ltr'><strong><em>οί</em></strong></span> <span class='ocrx_word' id='word_1_227' title='bbox 675 3037 801 3129; x_wconf 79' lang='grc' dir='ltr'><strong><em>ἄνδρας</em></strong></span> <span class='ocrx_word' id='word_1_228' title='bbox 820 3039 913 3130; x_wconf 81' lang='grc' dir='ltr'><strong><em>ήξειν</em></strong></span> <span class='ocrx_word' id='word_1_229' title='bbox 931 3039 1142 3128; x_wconf 79' lang='grc' dir='ltr'><strong><em>ἐπικούρους,</em></strong></span> 
     </span>
     <span class='ocr_line' id='line_1_30' title="bbox 135 3136 1144 3230; baseline -0.001 -21"><span class='ocrx_word' id='word_1_230' title='bbox 135 3138 258 3226; x_wconf 89' lang='grc' dir='ltr'><strong><em>χρόνου</em></strong></span> <span class='ocrx_word' id='word_1_231' title='bbox 286 3142 323 3208; x_wconf 72' lang='grc' dir='ltr'><strong><em>δὲ</em></strong></span> <span class='ocrx_word' id='word_1_232' title='bbox 350 3136 391 3208; x_wconf 87' lang='grc' dir='ltr'><strong><em>ού</em></strong></span> <span class='ocrx_word' id='word_1_233' title='bbox 417 3145 545 3210; x_wconf 79' lang='grc' dir='ltr'><strong><em>πολλοῦ</em></strong></span> <span class='ocrx_word' id='word_1_234' title='bbox 572 3141 768 3223; x_wconf 76' lang='grc' dir='ltr'><strong><em>διελθόντος</em></strong></span> <span class='ocrx_word' id='word_1_235' title='bbox 794 3141 959 3230; x_wconf 79' lang='grc' dir='ltr'><strong><em>ἀναγκαίη</em></strong></span> <span class='ocrx_word' id='word_1_236' title='bbox 981 3143 1144 3227; x_wconf 90' lang='grc' dir='ltr'><strong><em>κατέλαβε</em></strong></span> 
     </span>
     <span class='ocr_line' id='line_1_31' title="bbox 125 3239 1144 3332; baseline 0 -22"><span class='ocrx_word' id='word_1_237' title='bbox 125 3239 245 3321; x_wconf 82' lang='grc' dir='ltr'><strong><em>Ἴωνός</em></strong></span> <span class='ocrx_word' id='word_1_238' title='bbox 265 3271 301 3311; x_wconf 91' lang='grc' dir='ltr'><strong><em>τε</em></strong></span> <span class='ocrx_word' id='word_1_239' title='bbox 320 3245 376 3311; x_wconf 83' lang='grc' dir='ltr'><strong><em>καὶ</em></strong></span> <span class='ocrx_word' id='word_1_240' title='bbox 397 3250 513 3332; x_wconf 84' lang='grc' dir='ltr'><strong><em>Κᾶρας</em></strong></span> <span class='ocrx_word' id='word_1_241' title='bbox 535 3240 662 3331; x_wconf 78' lang='grc' dir='ltr'><strong><em>ἄνδρας</em></strong></span> <span class='ocrx_word' id='word_1_242' title='bbox 682 3244 766 3313; x_wconf 79' lang='grc' dir='ltr'><strong><em>κατα</em></strong></span> <span class='ocrx_word' id='word_1_243' title='bbox 788 3252 887 3332; x_wconf 92' lang='grc' dir='ltr'><strong><em>ληίην</em></strong></span> <span class='ocrx_word' id='word_1_244' title='bbox 910 3244 1144 3321; x_wconf 78' lang='grc' dir='ltr'><strong><em>έκπλοόσαντας</em></strong></span> 
     </span>
     <span class='ocr_line' id='line_1_32' title="bbox 136 3341 1136 3436; baseline 0.005 -27"><span class='ocrx_word' id='word_1_245' title='bbox 136 3341 377 3432; x_wconf 87' lang='grc' dir='ltr'><strong><em>ιἰπενειχθήναι</em></strong></span> <span class='ocrx_word' id='word_1_246' title='bbox 388 3350 422 3425; x_wconf 86' lang='grc' dir='ltr'><strong><em>ές</em></strong></span> <span class='ocrx_word' id='word_1_247' title='bbox 432 3357 619 3432; x_wconf 79' lang='grc' dir='ltr'><strong><em>Αἴγυπτον,</em></strong></span> <span class='ocrx_word' id='word_1_248' title='bbox 635 3347 797 3434; x_wconf 83' lang='grc' dir='ltr'><strong><em>έκβύντας</em></strong></span> <span class='ocrx_word' id='word_1_249' title='bbox 808 3347 847 3414; x_wconf 68' lang='grc' dir='ltr'><strong><em>δὲ</em></strong></span> <span class='ocrx_word' id='word_1_250' title='bbox 861 3350 894 3426; x_wconf 88' lang='grc' dir='ltr'><strong><em>ές</em></strong></span> <span class='ocrx_word' id='word_1_251' title='bbox 901 3352 967 3436; x_wconf 85' lang='grc' dir='ltr'><strong><em>γήν</em></strong></span> <span class='ocrx_word' id='word_1_252' title='bbox 975 3348 1032 3415; x_wconf 83' lang='grc' dir='ltr'><strong><em>καλ</em></strong></span> <span class='ocrx_word' id='word_1_253' title='bbox 1046 3341 1136 3414; x_wconf 86' lang='grc' dir='ltr'><strong><em>ὁπλι-</em></strong></span> 
     </span>
    </p>
   </div>
   <div class='ocr_carea' id='block_1_3' title="bbox 137 3445 1143 3545">
    <p class='ocr_par' dir='ltr' id='par_1_3' title="bbox 137 3445 1143 3545">
     <span class='ocr_line' id='line_1_33' title="bbox 137 3445 1143 3545; baseline 0.004 -36"><span class='ocrx_word' id='word_1_254' title='bbox 137 3447 279 3526; x_wconf 87' lang='grc' dir='ltr'><strong><em>σθέντας</em></strong></span> <span class='ocrx_word' id='word_1_255' title='bbox 291 3454 420 3540; x_wconf 76' lang='grc' dir='ltr'><strong><em>χαλκῷ,</em></strong></span> <span class='ocrx_word' id='word_1_256' title='bbox 442 3445 596 3535; x_wconf 76' lang='grc' dir='ltr'><strong><em>ἀγγέλλει</em></strong></span> <span class='ocrx_word' id='word_1_257' title='bbox 609 3454 678 3517; x_wconf 79' lang='grc' dir='ltr'><strong><em>τῶν</em></strong></span> <span class='ocrx_word' id='word_1_258' title='bbox 690 3476 740 3527; x_wconf 93' lang='grc' dir='ltr'><strong><em>τις</em></strong></span> <span class='ocrx_word' id='word_1_259' title='bbox 753 3454 951 3545; x_wconf 82' lang='grc' dir='ltr'><strong><em>Αἰγυπτίαν</em></strong></span> <span class='ocrx_word' id='word_1_260' title='bbox 965 3452 999 3527; x_wconf 87' lang='grc' dir='ltr'><strong><em>ές</em></strong></span> <span class='ocrx_word' id='word_1_261' title='bbox 1011 3445 1053 3515; x_wconf 80' lang='grc' dir='ltr'><strong><em>τὰ</em></strong></span> <span class='ocrx_word' id='word_1_262' title='bbox 1066 3450 1143 3515; x_wconf 78' lang='grc' dir='ltr'><strong><em>ἕλεα</em></strong></span> 
     </span>
    </p>
   </div>
   <div class='ocr_carea' id='block_1_4' title="bbox 0 0 1189 3840">
    <p class='ocr_par' dir='ltr' id='par_1_4' title="bbox 0 0 1189 3840">
     <span class='ocr_line' id='line_1_34' title="bbox 0 0 1189 3840; baseline 0 0"><span class='ocrx_word' id='word_1_263' title='bbox 0 0 1189 3840; x_wconf 95' lang='lat' dir='ltr'><strong><em> </em></strong></span> 
     </span>
    </p>
   </div>
  </div>
 </body>
</html>
