2354 3840
323 203 410 261 LIB.
432 202 464 257 11.
501 202 597 257 CAP.
633 205 788 260 λεδ-148.
1002 194 1061 256 193

56 367 236 446 Ηφαίστον
264 357 509 446 βασιλεύσαντα
538 354 676 443 (οὐδένα
700 354 766 443 γάρ
789 356 913 442 χρόνον
939 353 1062 425 οἷοίτε

53 454 143 546 ἦσαν
172 458 253 528 ἀνευ
278 458 432 542 βασιλέος
462 458 670 539 διαιτᾶσθαι)
701 454 880 540 ἐστήσαντο
909 455 1061 522 δυόδεκα

55 558 228 644 βασιλέας,
251 553 403 620 δυόδεκα
419 556 539 638 μοίρας
553 551 735 636 δασάμενοι
750 560 925 636 Αἴγυπτον
939 559 1059 617 πᾶσαν.

55 646 152 721 οὗτοι
175 654 349 737 ἐπιγαμίας
374 649 593 734 ποιησάμενοι
617 651 813 736 ἐβασίλευον
838 650 971 735 νόμοισι
992 674 1063 716 τοι-

55 755 129 817 σίδε
149 749 340 837 χρεόμενοι,
372 745 454 832 μήτε
478 747 665 830 καταιρέειν
681 743 845 834 ἀλλήλους
862 747 944 834 μήτε
959 749 1062 814 πλέον
1149 796 1157 813 2

54 874 87 915 τι
103 851 258 933 δίζησθαι
270 850 357 930 ἐχειν
371 840 431 910 τόν
446 844 561 930 ἕτερον
576 848 638 911 τού
655 844 780 933 ἑτέρρυ,
797 843 885 913 εἷναί
891 871 927 912 τε
942 851 1062 930 φίλους

54 942 96 1012 τά
122 942 274 1030 μάλιστα.
311 944 418 1008 τῶνδε
447 939 483 1008 δέ
512 944 641 1009 εἵνεκεν
668 940 748 1021 τούς
772 943 899 1030 νόμους
922 942 1063 1020 τούτους

57 1044 245 1125 ἐποιεῦντο,
261 1043 403 1122 ἰσχυρῶς
413 1042 697 1124 περιστέλλοντες·
721 1041 898 1128 ἐκέχρηστό
912 1060 972 1126 σφι
986 1037 1060 1107 κατ’

56 1134 161 1226 ἀρχάς
176 1132 295 1202 αὐτίκα
311 1137 553 1220 ἐνισταμένοισι
567 1140 600 1214 ἐς
614 1133 673 1215 τάς
688 1143 891 1223 τυραννίδας
906 1136 967 1205 τόν
982 1146 1063 1225 χαλ-

27 1282 28 1286 =
55 1237 117 1323 κέη
133 1233 237 1321 φιάλη
252 1238 432 1301 σπείσαντα
448 1229 559 1298 αὐτῶν
580 1234 617 1298 ἐν
637 1239 683 1323 τῷ
703 1238 766 1324 ίρηό
786 1242 847 1301 τοῦ
866 1234 1061 1321 Ἡφαίστου,

33 1338 180 1400 «τοῦτον
206 1327 337 1417 ἀπάσης
362 1329 575 1419 βασιλεύσειν
599 1330 790 1415 Αἰγύπτου·
816 1334 849 1408 ἐς
874 1329 939 1418 γάρ
960 1328 1000 1416 δὴ
1021 1328 1061 1396 τά

58 1431 170 1498 πάντα
190 1426 246 1512 ίρά
263 1434 493 1515 συνελέγοντο.
536 1429 603 1495 Καὶ
623 1428 664 1513 δη
680 1446 740 1512 σφι
756 1429 956 1515 μνημόσυνα
970 1432 1062 1507 ἔδοξε
1080 1445 1130 1499 148

56 1531 216 1597 λιπέσθαι
231 1533 345 1615 κοινῇ,
372 1527 474 1605 δόξαν
492 1529 532 1592 δέ
544 1544 605 1611 σφι
620 1525 819 1613 ἐποιήσαντο
837 1527 1060 1613 λαβύρινθον,

57 1625 173 1712 ὀλίγον
186 1622 271 1712 ὑπὲρ
286 1631 343 1711 τῆς
357 1630 475 1711 λίμνης
488 1630 545 1709 τῆς
559 1631 705 1711 Μοίριος
725 1624 808 1693 κατά
825 1632 1062 1712 Κροκοδείλων

56 1727 265 1810 καλεομένην
284 1722 385 1790 πόλιν
405 1721 548 1808 μάλιστά
572 1749 615 1811 κη
635 1732 807 1810 κείμενον·
830 1722 891 1792 τόν
912 1723 976 1811 ἐγύ
997 1721 1061 1810 ἤδη

59 1817 151 1889 εἶδον
167 1821 272 1907 λόγου
287 1821 379 1907 μέζω.
427 1824 457 1886 εἰ
470 1819 536 1903 γάρ
550 1846 599 1896 τις
614 1818 654 1886 τά
670 1823 702 1900 ἐξ
722 1818 890 1908 Ἑλλήνων
904 1821 1012 1907 τείχεά
1026 1846 1062 1888 τε

57 1922 114 1987 καί
130 1925 239 2006 ἔργων
253 1914 412 1996 ἀπόδεξιν
432 1922 681 2003 συλλογίσαιτο,
711 1918 890 1997 ἐλάσσονος
903 1921 1013 1987 πόνου
1026 1945 1062 1986 τε
1099 1922 1107 1931 ’

55 2011 101 2084 ἀν
117 2021 173 2085 καί
187 2015 337 2102 δαπάνης
355 2022 458 2102 φανεί
492 2015 590 2082 ἐόντα
610 2023 672 2083 τοῦ
693 2023 906 2104 λαβυρίνθου
920 2019 1060 2084 τούτου·

55 2120 164 2182 καίτοι
179 2111 352 2198 ἀξιόλογός
366 2139 405 2200 γε
425 2043 480 2180 κιά
501 2110 519 2178 ό
538 2114 575 2179 ἐν
592 2109 718 2204 Ἐφέσφ
736 2114 802 2181 ἐστὶ
823 2110 904 2200 νηός
921 2117 975 2182 καὶ
991 2113 1009 2182 ὁ
1026 2117 1063 2182 ἐν

56 2210 173 2302 Σάμφ.
217 2204 305 2297 ἦσαν
322 2211 385 2296 μέν
400 2239 466 2279 νυν
480 2213 535 2278 καλ
550 2215 588 2278 αί
598 2217 782 2298 πυραμίδες
803 2213 908 2299 λόγου
929 2213 1062 2299 μέζονες

56 2315 113 2380 καὶ
129 2316 263 2379 πολλῶν
285 2308 405 2396 έκάστη
423 2308 554 2378 αύτὲων
571 2308 775 2396 Ἑλληνικῶν
796 2317 905 2399 ἔργων
924 2318 979 2381 καὶ
1002 2342 1056 2400 με·

56 2410 174 2497 γάλων
188 2404 342 2492 ἀνταξίη,
365 2405 383 2475 ὁ
400 2410 436 2474 δέ
452 2404 492 2494 δὴ
508 2409 716 2495 λαβύρινθος
731 2412 785 2476 καί
800 2409 859 2488 τάς
873 2417 1061 2496 πυραμίδας

56 2505 272 2594 ὑπερβάλλει.
314 2513 376 2575 τοῦ
399 2505 464 2594 γάρ
491 2506 645 2573 δυόδεκα
666 2507 729 2592 μέν
753 2512 815 2573 εἰσι
840 2505 937 2575 αύλαί.
959 2509 1062 2576 κατά-

57 2624 181 2688 στεγοι,
200 2598 375 2674 ἀντίπυλοι
391 2599 570 2692 ἀλλήλησι,
594 2607 627 2682 ἓξ
641 2603 704 2689 μὲν
717 2599 801 2689 πρός
815 2604 956 2692 βορέην,
977 2610 1010 2686 ἓξ
1025 2606 1061 2674 δέ

54 2696 141 2782 πρὸς
161 2697 263 2764 νότον
283 2699 517 2785 τετραμμέναι,
542 2699 712 2784 συνεχέες·
741 2714 848 2788 τοῖχος
873 2703 910 2769 δὲ
934 2707 1062 2782 ἔξωθεν

58 2795 166 2877 ὦντός
186 2817 290 2881 σφεας
326 2797 503 2883 περιέργει.
535 2797 697 2883 οἰκήματα
714 2797 746 2865 δ’
763 2799 1061 2886 ἐνεστιδιπλόα,τά

54 2896 119 2980 μὲν
142 2889 309 2978 ὑπόγαια,
342 2891 382 2959 τά
399 2895 435 2962 δὲ
456 2894 604 2981 μετέωρα
626 2892 678 2961 ἐπ’
700 2897 873 2978 ἐκείνοισι,
900 2904 1061 2979 τρισχίλια

51 2994 218 3084 ἀριθμόν,
239 3000 471 3066 πεντακοσίων
483 2999 539 3066 καὶ
553 3002 672 3085 χιλίων
686 2995 836 3084 ἑκάτερα.
864 2994 905 3063 τά
920 2985 982 3082 μέν
996 3024 1062 3064 νυν

51 3102 201 3188 μετέωρα
223 3103 293 3167 τοόν
315 3097 505 3185 οἰκημάτων
527 3096 627 3168 αύτοί
645 3125 682 3166 τε
710 3093 858 3185 αἱρέομεν
880 3097 1060 3180 διεξιόντες

51 3203 107 3269 καί
131 3198 226 3269 αὐτοὶ
248 3200 456 3288 θηησάμενοι
479 3196 757 3288 λέγομεν,τάδέ
779 3195 892 3267 αύτοῖυ
912 3195 1060 3287 ὑπόγαια

51 3303 181 3390 λόγοισι
204 3298 480 3390 ἐπυνθανόμεθα.
511 3308 548 3372 οί
563 3299 628 3389 γάρ
649 3303 848 3381 ἐπεστεῶτες
861 3306 930 3370 τῶν
950 3309 1059 3388 Αἰγυ·

53 3413 161 3473 πτίων
175 3405 350 3473 δεικνύναι
365 3401 448 3472 αύτόι
465 3401 620 3492 οὐδαμῶς
628 3399 777 3491 ἤθελον,
793 3403 937 3491 φάμενοι
952 3400 1132 3626 &faur

137 3523 237 3560 ιιειιοο.
254 3507 275 3560 Ι.
506 3574 516 3588 υ
873 3511 908 3564 13
964 3520 970 3530 ·
