2354 3840
265 220 351 276 ιιΒ.
383 219 404 272 1.
438 217 537 274 οΑΡ.
573 223 746 278 ωο-ιιο.
970 216 1011 279 65

32 374 127 464 γάρ
149 379 379 468 πεποιημένῳ,
403 381 468 463 ἐφη
490 377 619 462 λέγων,
641 380 675 456 ές
693 373 755 445 τὸν
772 381 874 446 παῖδα
891 383 1012 444 τοῦτον

32 500 153 564 ιαμνον
173 475 341 564 μεγάλως,
364 477 419 543 καὶ
440 477 586 562 θυγατρὶ
606 481 647 564 τῇ
668 476 730 594 ἐμῇ
752 475 1012 597 διαβεβλημένος

32 601 66 641 ικ
81 575 122 641 έν
136 575 274 665 ἐλαφρῷ
287 572 479 693 ἐποιεύμην.
513 568 559 653 ὡς
582 563 631 640 ύν
651 579 710 658 τῆς
730 572 832 660 τύχης
853 564 893 640 εύ
915 596 1011 658 μετε-

32 671 151 757 ιεωσης
166 677 265 739 τοῦτο
281 668 398 788 μέν’
364 696 424 738 τον
440 677 592 739 σεωυτοῦ
612 675 715 739 παῖδα
729 669 931 789 άκόπεμφρν
944 692 1010 736 πα-
1057 722 1061 729 .

32 765 122 838 ὶτόν
136 764 289 835 πατδα“
254 792 315 835 τον
330 768 495 855 νεήλυδα,
519 775 618 836 τοῦτο
641 763 681 837 δέ
699 776 844 857 (σῶστρα
867 765 933 855 γάρ
948 771 1010 833 τοῦ

32 862 121 943 ιιδδς
136 865 246 951 μέλλω
256 864 375 951 θύειν,
397 881 483 935 τοῖσι
495 873 590 935 θεῶν
603 863 681 955 τιμὴ
696 865 781 954 αῦτη
796 868 1008 955 προσκέεται)

32 963 150 1052 έρισδί
172 989 230 1049 μοι
255 966 308 1033 &a
335 970 482 1034 δείπνου.
529 963 698 1051 ’Ἅρπαγος
729 967 792 1051 μέν
817 962 863 1044 ὥς
887 962 1013 1051 ἤκουσε
1027 966 1076 1023 119

32 1071 122 1149 ιῦτα,
139 1064 376 1153 προσκυνήσας
393 1068 449 1134 καί
464 1064 592 1150 μεγάλα
606 1063 849 1150 ποιησάμενος,
870 1060 922 1130 ὅτι
939 1053 1009 1143 τεὴ

32 1161 152 1250 ιαρτάς
165 1165 201 1230 ολ
212 1166 246 1240 ἐς
259 1165 338 1231 δέον
355 1162 508 1249 ἐγεγόνεε
523 1165 578 1231 καὶ
594 1160 644 1230 ὅτι
655 1163 708 1230 ἐπὶ
722 1162 841 1250 τύγησι
850 1165 1009 1248 χρηστῇσι

32 1265 52 1329 ιλ
67 1265 208 1329 δελπνον
224 1261 398 1347 ἐκέκλητο,
422 1257 475 1347 ἤιε
493 1262 525 1338 ἐς
539 1256 580 1327 τά
596 1265 692 1328 οίκία.
727 1254 879 1326 έσελδύν
896 1257 932 1323 δέ
946 1251 1009 1340 τὴν

32 1364 168 1444 ιχίστην,
183 1349 228 1444 ἦν
241 1357 307 1446 γάρ
324 1363 358 1426 οἱ
370 1370 448 1436 παίς
463 1352 510 1436 εἷς
524 1364 661 1444 μοῦνος,
678 1361 752 1424 έτεα
766 1361 842 1443 τρία
857 1354 913 1422 καὶ
929 1353 1009 1420 δέκα

32 1480 64 1522 ιυ
74 1454 219 1541 μάλιστα
228 1453 388 1542 γεγονώς,
399 1462 523 1523 τοῦτον
533 1456 702 1541 ἐκπέμπει,
715 1454 800 1524 ίέναι
812 1479 848 1521 τε
858 1450 1006 1523 κελεύων

43 1551 236 1639 Ἀστυάγεω
249 1556 305 1622 καλ
319 1554 448 1621 ποιέειν
465 1552 486 1621 ὅ
498 1579 531 1621 τι
545 1550 590 1620 άν
603 1555 730 1632 ἐκεῖνος
746 1552 877 1642 κελεύη.
906 1546 1007 1628 αὐτὸς

32 1649 231 1738 ιπεριχαρῆς
248 1649 314 1720 έῦν
329 1652 447 1739 φράζει
467 1660 509 1742 τῇ
528 1656 665 1740 γυναικί
679 1650 720 1720 τά
734 1652 1004 1740 συγκυρήσαντα.

32 1748 178 1834 στνάγης
193 1750 246 1834 δέ,
263 1747 307 1828 ε’)’ς
323 1754 357 1818 ολ
371 1747 507 1818 ἀπίκετο
528 1748 547 1819 δ
564 1749 738 1836 ’Λρπάγου
760 1764 854 1836 παῖς,
876 1748 1006 1835 σφάξας

31 1842 104 1914 {vav
128 1851 184 1915 καὶ
208 1845 291 1915 κατὰ
320 1849 425 1935 μέλεα
447 1847 569 1919 διελῦν
593 1847 633 1918 τά
660 1852 723 1970 μὲν
740 1847 887 1937 ύπτησε,
914 1845 954 1916 τά
969 1848 1006 1915 δὲ

32 1957 107 2030 νησε
122 1950 191 2011 τῦν
204 1951 325 2031 κρεῶν,
342 1943 486 2015 εῦτυκτα
499 1948 536 2014 δέ
550 1947 776 2034 ποιησάμενος
800 1944 865 2033 εἶχε
881 1949 1003 2033 ἐτοτμα

32 2045 105 2109 εἴτε
134 2043 171 2108 δὲ
187 2048 245 2128 τῆς
260 2041 349 2130 ὥρης
363 2049 542 2134 γινομένης
562 2072 624 2115 του
608 2051 779 2117 ’δείπνου
802 2054 958 2138 παρῆσαν
973 2050 1008 2115 οι

46 2137 143 2208 ἄλλοι
165 2142 363 2226 δαιτυμόνες
384 2143 474 2212 καλὸ
488 2143 673 2233 Ἅρπαγος,
696 2158 781 2214 τοῖσι
795 2146 857 2232 μέν
875 2142 1006 2215 άλλοισι

32 2235 158 2328 δαύτφ
144 2234 346 2361 ’Ἀστυάγει
356 2246 577 2340 παρετιθέατο
594 2244 751 2330 τράπεζαι
772 2245 924 2312 ἐπίπλεαι
939 2268 1005 2328 μη-

32 2337 83 2402 ’ων
105 2343 234 2423 κρεῶν,
245 2335 403 2456 ’Λρπάγφ
419 2340 455 2408 δὲ
469 2366 531 2408 του
516 2339 665 2420 παιδὸς
681 2348 743 2423 τοῦ
758 2346 897 2427 ἑωυτοῦ,
915 2339 1004 2427 πλην

32 2439 144 2519 φυλῆς
156 2458 193 2500 τε
207 2433 302 2502 κάλ’
280 2462 394 2522 ακρων
402 2445 524 2524 χειρῶν
537 2465 572 2507 τε
587 2443 642 2506 καλ
657 2443 782 2525 ποδῶν,
797 2433 901 2507 τᾶλλα
915 2437 1003 2506 πάν-

32 2536 178 2598 ··ταῦτα
193 2532 229 2598 δὲ
245 2538 345 2618 χωρίς
359 2536 466 2603 ἐκέετο
482 2540 535 2604 έπλ
549 2541 659 2631 κανέφ
673 2537 1000 2624 κατακεκαλυμμένα.

32 2626 92 2702 ·δέ
105 2651 152 2716 τφ
137 2623 314 2721 ’Λρπάγφ
326 2632 474 2700 έδύκεε”
451 2643 524 2712 αλις
535 2639 672 2719 ἔχειν
632 2660 689 2720 της
700 2642 812 2723 βορῆς,
820 2632 1002 2722 ’Λστυάγης

32 2719 104 2809 ιετό
117 2749 188 2809 μιν,
204 2723 368 2815 είὴσθείη
385 2755 417 2796 τι
432 2756 473 2817 τη
457 2736 594 2821 θοίνῃ.
619 2728 775 2820 φαμένου
784 2730 839 2802 δέ’
838 2733 1003 2851 Λρπάγρν

32 2789 177 2905 δκάρτα
197 2819 347 2910 ησθῆναι
369 2828 579 2916 παρέφερον,
601 2843 686 2898 τοῖσι
708 2832 914 2917 προσεκέετο,
940 2857 1003 2917 την

32 2914 146 3002 φαλήν
161 2945 222 2986 του
208 2921 356 3002 παιδὸς
377 2928 717 3014 κατακεκαλυμμένην
737 2928 849 2997 καδ’
812 2956 871 3008 τας
890 2942 1002 3016 χεῖρας

32 3017 47 3081 δ
62 3011 145 3094 τούς
159 3016 299 3104 πόδας,”
290 3030 454 3109 Αρπαγον
465 3024 502 3092 δὲ
513 3025 669 3093 ἐκέλευον
679 3026 904 3147 προσστάντες
915 3022 1001 3093 άπο-

32 3110 179 3181 λύπτειν
193 3140 229 3183 τε
246 3119 302 3185 καί
316 3118 481 3206 λαβεῖν’
448 3147 484 3188 το
501 3123 659 3210 βούλεται
681 3122 803 3192 αῦτῦν.
837 3123 1001 3210 πενδόμὲ-

32 3205 136 3285 εδδ
120 3233 139 3276 ⁰
148 3207 316 3299 Αρπαγος
331 3217 386 3284 καλ
400 3213 677 3287 άποκαλύπτων’
663 3227 727 3309 ορᾷ
748 3245 808 3288 του
793 3216 995 3298 παιδὸς’
959 3245 999 3285 τοι

32 3313 211 3393 ίλμματα
196 3309 281 3380 ίδων
298 3315 393 3382 δέ’
347 3341 428 3436 ρντε
445 3317 624 3404 ἐξεπλάγη,
646 3318 741 3397 ἐντύς
754 3345 790 3387 τε
804 3321 932 3388 ε’ωυτου
918 3326 999 3404 γί-
1055 3372 1059 3378 -

32 3429 94 3472 ται.
130 3415 235 3557 ελρρτο
257 3410 356 3480 δὲ’
314 3410 451 3481 αντόνὸ
463 3413 663 3504 Ἁστυάγης,
679 3423 710 3485 εί
721 3415 899 3503 γινοέσκοι,
920 3414 999 3484 ὅτευ

74 3516 176 3557 mon.
205 3546 211 3558 .
845 3513 861 3562 5
