2354 3840
349 111 430 165 ΗΒ.
466 109 487 164 ΙΙ
530 109 627 165 ΟΛΡ.
660 115 802 172 95-99.
1018 112 1079 176 16³

57 270 152 335 δίου.
185 266 219 345 ές
243 271 306 353 μέν
331 292 369 351 γε·
395 267 538 354 Μέμφιν
563 268 600 333 έκ
624 270 839 356 Ναυκράτιος
866 270 1078 344 ἀναπλώοντι

55 364 146 453 παρ’
166 363 271 446 αῦτάς
285 365 344 445 τάς
358 371 546 455 πυραμίδας
560 373 687 453 γίνεται
703 365 721 435 ὁ
735 368 854 448 πλόος·
878 377 946 441 ἔστι
960 377 997 442 δὲ
1015 373 1077 442 οῦκ

57 459 184 552 οὗτος,
209 463 293 535 άλλά
314 464 405 554 παρά
422 463 459 534 τὸ
482 462 542 544 ὀξύ
560 471 621 532 τοῦ
636 468 747 534 Δέλτα
768 471 824 536 καὶ
837 468 929 558 παρὰ
944 473 1077 560 Κερκά-

57 586 182 652 σωρον
194 564 312 633 πόλιν·
336 566 369 642 ές
387 563 423 631 δὲ
437 563 638 650 Ναύκρατιν
659 560 724 631 άπὸ
741 566 916 653 θαλάσσης
933 570 988 635 καὶ
1005 576 1076 637 Κα-

61 663 183 750 νώβου
196 659 251 730 διά
263 666 381 731 πεδίου
393 660 515 730 πλόων
529 660 618 748 ἥξεις
628 659 702 729 κατ’
717 661 914 734 Ἀνθνλλάν
927 694 963 734 τε
977 667 1077 737 πόλιν

50 763 121 831 ’καὶ
135 758 199 847 την
209 757 416 849 Ἀρχάνδρου
430 765 648 846 καλεομένην.
687 762 825 830 Τούτων
840 769 875 833 δὲ
888 763 908 853 ἡ
920 769 982 852 μέν
994 765 1075 833 ''Av-
1089 784 1124 839 98

58 868 179 932 θυλλα
195 863 297 929 ἐοῦσα
317 868 437 947 λογίμη
461 860 557 940 πόλις
571 863 604 940 ές
626 859 823 949 ὑποδήματα
844 869 1007 955 ἐξαίρετος
1025 873 1076 937 δί-

61 966 162 1028 ’δοται
173 965 234 1027 τοῦ
245 961 309 1027 αίεί
319 960 557 1047 βασιλεύοντος
568 961 746 1047 Αἰγύπτου
757 970 797 1053 τῇ
807 974 951 1050 γυναικί.
975 974 1074 1036 τοῦτο

63 1059 101 1126 δέ
125 1063 255 1143 γίνεται
274 1058 307 1137 ἐξ
331 1054 415 1124 όσου
437 1055 503 1125 ὑπὸ
521 1064 673 1147 Πέρσησί
689 1062 758 1128 ἐστι
782 1072 960 1150 Αίγυπτος.
993 1064 1013 1153 ἡ
1039 1066 1076 1134 δέ

63 1159 161 1243 έτέρη
177 1153 273 1233 πόλις
289 1158 396 1223 δοκέει
406 1179 464 1242 μοι
478 1154 515 1224 τδ
533 1157 663 1244 οὔνομα
678 1165 765 1244 έχειν
780 1158 844 1230 άπό
860 1172 922 1232 τοῦ
933 1171 1075 1234 Δαναοῦ

63 1261 239 1344 γαμβροῦ,
259 1253 464 1344 Ἀρχάνδρου
477 1262 540 1325 τοῦ
551 1264 665 1326 Φθίου
679 1267 740 1326 τοῦ
752 1258 900 1346 Ἀχαιοῦ·
924 1265 1075 1332 καλέεται

15 1450 21 1457 .
64 1356 132 1447 γάρ
148 1355 190 1444 δη
203 1354 408 1446 Ἀρχάνδρου
429 1358 533 1437 πόλις.
570 1368 620 1444 είη
636 1356 668 1425 δ’
686 1354 730 1426 άν
745 1364 801 1429 καὶ
815 1360 915 1442 άλλος
930 1391 979 1441 τις
993 1362 1075 1450 ’Ἀρ-

65 1465 228 1548 χανδρος,
252 1455 293 1526 οῦ
307 1460 422 1545 μέντοι
437 1483 476 1546 γε
490 1458 679 1545 Αίγύπτιον
696 1459 733 1528 τὸ
748 1458 885 1549 οῦνομα.

154 1559 304 1627 MEXPI
310 1556 372 1643 μέν
382 1557 505 1625 τούτου
516 1555 593 1643 όψις
603 1584 640 1627 τε
652 1557 712 1647 έμὴ
724 1563 780 1629 καί
789 1562 906 1650 γνάμη
918 1566 973 1631 καὶ
983 1569 1074 1632 ίστο-
1088 1580 1123 1634 99

67 1654 123 1748 ρίη
136 1662 242 1724 ταῦτα
262 1655 408 1740 λέγουσά
433 1658 518 1743 έστι,
545 1655 584 1724 τὸ
609 1657 645 1726 δέ
665 1656 729 1726 άπδ
754 1666 853 1729 τοῦδε
870 1669 1075 1750 Αἰγυπτίους

67 1764 206 1845 ἔρχομαι
221 1754 343 1842 λόγους
360 1756 480 1842 ἐρέων,
499 1753 582 1822 κατὰ
596 1754 739 1842 ἤκουον·
765 1761 944 1841 προσέσται
960 1759 996 1827 δὲ
1012 1757 1075 1826 αύ-

66 1860 157 1924 τοτσί
168 1879 199 1920 τε
215 1855 270 1922 καὶ
283 1860 342 1940 τῆς
355 1856 434 1940 ἐμῆς
454 1852 558 1935 ὄψιος.
608 1852 676 1922 Τόν
700 1864 744 1923 Μ
750 1865 835 1943 ηνα
859 1857 920 1926 τόν
941 1865 1074 1945 πρῶτον

65 1955 314 2046 βασιλεύσαντα
328 1953 504 2041 Αἰγύπτου
519 1958 553 2022 οί
564 1958 650 2037 ίρέες
664 1961 779 2042 ἔλεγον
799 1959 974 2044 τοῦτομὲν
989 1955 1075 2025 ἀπο-

64 2061 261 2145 γεφυρῶσαι
277 2051 339 2142 την
353 2055 505 2141 Μέμφιν.
540 2050 601 2121 τδν
615 2053 679 2143 γάρ
695 2053 846 2142 ποταμὸν
860 2056 971 2126 πάντα
984 2058 1073 2142 ῥέειν

25 2152 49 2162 -.
65 2152 157 2240 παρά
171 2151 208 2222 τό
225 2146 325 2243 ούρος
336 2152 373 2223 τδ
387 2154 560 2242 ψάμμινον
577 2153 661 2242 πρὸς
672 2157 818 2245 Λιβύης,
844 2155 905 2227 τδυ
921 2159 957 2228 δὲ
968 2167 1072 2247 Μῆνα

66 2256 221 2338 ἄνωθεν,
244 2250 326 2321 ὅσον
347 2280 383 2322 τε
408 2251 527 2323 έκατδν
548 2259 703 2334 σταδίους
725 2253 790 2323 άπδ
812 2260 987 2343 Μέμφιος,
1012 2255 1072 2324 τδν

65 2352 151 2443 πρὸς
171 2359 375 2441 μεσαμβρίης
390 2350 526 2440 άγκάνα
540 2355 780 2441 προσχώσαντα
795 2352 832 2421 τδ
855 2355 918 2440 μέν
933 2352 1072 2440 άρχαῖον

64 2457 210 2543 βέεθρον
224 2447 447 2539 ἀποξηρῆναι,
473 2449 534 2519 τόν
555 2453 591 2520 δέ
608 2449 759 2538 ποταμδν
774 2450 943 2538 ὀχετεῦσαι
960 2451 997 2520 τό
1012 2455 1072 2539 μέ-

65 2573 129 2623 σον
149 2557 218 2620 τῶν
234 2547 363 2636 οῦρέων
383 2553 480 2640 ῥέειν.
513 2558 560 2620 ἔτι
582 2551 619 2619 δὲ
636 2553 690 2618 καὶ
711 2557 776 2618 νῦν
797 2548 863 2618 ῦπδ
879 2555 1038 2637 Περσέων
1055 2549 1071 2618 ὁ

65 2648 183 2738 άγκάν
204 2641 302 2726 οὗτος
318 2655 379 2716 τοῦ
393 2657 537 2734 Νείλου,
564 2646 600 2727 ὃς
621 2646 826 2735 ἀπεργμένος
841 2650 925 2736 ῥέει,
952 2651 989 2716 έν
1005 2675 1073 2733 φν-

65 2753 187 2836 λακησι
201 2743 363 2833 μεγάλησι
380 2751 501 2832 ἔχεται,
526 2744 759 2833 φρασσόμενος
773 2742 839 2813 άνά
853 2752 922 2812 πᾶν
938 2742 1028 2823 ἔτος(
1046 2751 1076 2812 εί

64 2842 132 2935 γάρ
153 2839 306 2929 ἐθελήσει
327 2842 427 2932 ῥήξας
442 2841 631 2930 ὑπερβῆναι
651 2840 669 2910 ὁ
686 2842 833 2929 ποταμὸς
850 2843 970 2931 ταύτη,
998 2850 1072 2910 κίν-

65 2949 170 3021 δυνος
185 2939 275 3029 πάση
286 2943 407 3027 Μέμφι
420 2947 694 3027 κατακλυσθῆναι
709 2941 785 3007 έστί.
814 2934 858 3016 ὡς
869 2937 906 3005 δέ
919 2944 965 3028 τῷ
978 2944 1073 3024 Μῆνι

64 3039 175 3131 τούτῳ
189 3045 234 3129 τῷ
246 3036 367 3129 πράτφ
385 3041 554 3129 γενομένην
569 3040 700 3126 βασιλέα
711 3039 831 3124 χέρσον
844 3038 1021 3122 γεγονέναι
1034 3033 1071 3103 τδ

63 3135 296 3223 ἀπεργμένον,
322 3143 421 3203 τοῦτο
443 3135 505 3221 μέν
527 3139 564 3204 έν
584 3133 676 3226 αύτῷ
691 3135 791 3202 πόλιν
812 3141 921 3202 κτίσαι
935 3135 1071 3225 ταύτην,

64 3226 136 3323 ἥτις
158 3238 224 3301 νῦν
239 3233 378 3320 Μέμφις
395 3235 558 3322 καλέεται,
568 3239 696 3314 ἔξωθεν
710 3233 747 3300 δέ
760 3231 862 3320 αὐτῆς
873 3237 1070 3386 1πιεριορύξαι
