2354 3840
332 216 415 272 ιιι.
443 216 490 271 lv,
524 216 624 273 w.
657 223 794 274 ιι-ιο.
998 209 1058 273 ³01

59 383 100 466 τῇ
114 382 210 462 νοτίη
223 376 380 458 θαλάσση
401 369 467 438 ὑπό
483 376 652 438 Σκυθέων
668 374 881 456 πιεζομένους
897 371 1060 435 ἐκλείπειν

59 471 122 560 τήν
142 473 263 559 χώρην.
297 470 385 538 οὕτω
406 467 446 554 δή
466 467 546 535 οὐδὲ
566 461 664 545 οὗτος
688 469 890 554 συμφέρεται
904 470 979 550 περὶ
1001 473 1059 554 τής

60 571 170 655 χιόρης
185 568 306 653 ταύτης
323 567 490 654 Σκύθησι.

146 669 212 734 Καὶ
229 663 313 733 ὅθεν
328 667 390 751 μέν
405 656 450 749 ήν
463 661 628 748 Ἀριστέης
647 661 779 730 ὁταῦτα
793 663 949 747 ποιήσας,
968 668 1060 743 είρη-
1083 678 1111 728 ιι

58 781 117 831 κα·
153 761 213 831 τόν
234 765 270 830 δέ
290 764 365 848 περὶ
386 758 491 827 αὐτοῦ
508 757 634 845 ήκουον
658 759 760 844 λόγον
780 762 818 826 έν
830 758 1059 848 Προκοννήσῳ

62 865 118 930 καὶ
135 866 283 950 Κυζίκῳ,
305 862 397 938 λέξω,
437 856 608 942 Ἀριστέην
624 855 688 943 γάρ
709 861 860 943 λέγουσι,
878 857 976 925 ἐόντα
992 861 1059 923 τῶν

62 959 173 1026 ἀστῶν
189 953 328 1034 οὐδενός
342 961 439 1042 γένος
452 953 710 1043 ὑποδεέστερον,
733 957 916 1046 ἐσελθόντα
930 958 963 1034 ές
977 980 1059 1023 κνα-

62 1058 166 1144 φήιον
177 1059 214 1122 έν
224 1056 454 1144 Προκοννήσῳ
466 1053 664 1140 ἀποθανεῖν,
683 1052 808 1121 καὶτὸν
819 1058 948 1141 κναφέα
959 1080 1061 1121 κατα·

63 1160 243 1240 κληίσαντα
268 1150 305 1219 τό
335 1152 553 1238 ἐργαστήριον
576 1161 728 1237 οίχεσθαι
752 1150 951 1238 ἀγγελέοντα
975 1165 1060 1217 τοῖσι

64 1250 272 1337 προσήκουσι
288 1256 334 1338 τῷ
350 1256 467 1339 νεκρῷ.
492 1251 736 1335 ἐσκεδασμένου
753 1250 789 1316 δέ
802 1247 866 1334 ήδη
880 1255 940 1316 τοῦ
955 1248 1060 1333 λόγον

63 1348 128 1418 ἀνά
140 1346 201 1436 τήν
215 1348 315 1416 πόλιν
343 1347 386 1426 ὡς
399 1347 545 1426 τεθνεώς
562 1359 611 1435 είη
625 1346 643 1414 δ
656 1347 831 1433 Ἀριστέης,
846 1350 878 1425 ές
890 1345 1060 1432 ἀμφισβα-

63 1455 136 1525 σίας
152 1460 237 1513 τοῑσι
253 1451 387 1531 λέγουσι
411 1444 590 1513 ἀπικέσθαι
607 1443 713 1529 ἀνδρα
728 1441 917 1530 Κυζικηνόν
938 1443 1060 1530 ήκοντα

64 1548 98 1624 έζ
116 1541 274 1628 Ἀρτάκης
296 1543 428 1626 πόλιος,
457 1544 568 1627 φάντα
589 1557 766 1627 συντυχεῖν
790 1547 828 1610 τέ
848 1547 882 1608 οί
903 1542 988 1610 ίόντι
1008 1545 1060 1609 έπλ

49 1648 210 1722 ·Κνζίκου
225 1643 280 1708 καλ
294 1642 327 1718 ἐς
343 1641 465 1725 λόγους
480 1638 670 1707 ἀπικέσθαι.
694 1644 748 1707 καὶ
760 1648 881 1708 τοῦτον
892 1646 954 1727 μὲν
970 1645 1060 1708 έντε-

63 1740 211 1825 ταμένως
226 1735 480 1825 ἀμφισβατέειν,
502 1735 581 1814 τοάς
595 1740 631 1803 δὲ
651 1735 879 1823 προσήκοντας
892 1744 938 1827 τῷ
952 1741 1060 1825 νεκρῷ

63 1840 117 1905 ἐπὶ
130 1835 166 1903 τό
178 1835 346 1922 κναφήιον
356 1849 510 1923 παρεῖναι
522 1840 655 1918 ἔχοντας
665 1831 705 1899 τά
719 1833 895 1920 πρόσφορα
908 1831 951 1910 ὡς
962 1830 1059 1898 ἀναι-

65 1937 278 2021 ρησομένους.
301 1931 515 2017 ἀνοιχθέντος
529 1931 565 1998 δὲ
581 1937 642 1998 τοῦ
658 1930 832 2016 οἰκήματος
849 1928 925 1996 οὔτε
940 1937 1059 1995 τεθνε-

64 2038 131 2097 ῶτα
146 2030 222 2096 οὔτε
240 2031 364 2110 ζώοντα
380 2036 561 2114 φαίνεσθαι
574 2025 752 2113 Ἀριστέην.
776 2025 856 2112 μετά
878 2029 914 2094 δέ
929 2024 1058 2115 ἑβδόμῳ

63 2132 130 2194 έτελ
149 2131 297 2211 φανέντα
325 2117 417 2202 αὖτις
444 2135 477 2205 ές
496 2126 739 2214 Προκόννησον
759 2131 894 2210 ποιήσαι
916 2121 956 2191 τά
979 2128 1058 2190 έπεα

63 2229 183 2307 ταῦτα,
198 2220 238 2289 τά
250 2231 314 2289 νῦν
327 2222 386 2290 ὑπ’
397 2222 564 2310 Ἑλλήνων
578 2223 777 2309 Ἀριμάσπεα
789 2230 949 2308 καλέεται,
961 2221 1059 2307 ποιή·

62 2342 167 2388 σαντα
180 2321 215 2386 δὲ
226 2318 455 2407 ἀφανισθῆναι
468 2322 505 2390 τό
521 2324 687 2408 δεύτερον.
711 2329 814 2389 ταῦτα
825 2326 887 2407 μὲν
898 2329 933 2390 αί
945 2323 1057 2400 πόλιες
1074 2346 1104 2396 la

62 2413 162 2488 αὗται
181 2424 331 2506 λέγουσι,
352 2425 431 2488 τάδε
452 2423 487 2489 δὲ
512 2422 585 2488 οίδα
606 2427 888 2488 Μεταποντίνοισι
913 2436 997 2488 τοῖσι
1021 2423 1058 2487 έν

58 2515 176 2602 Ἰταλίη
191 2518 447 2603 συγκυρήσαντα
461 2518 542 2604 μετά
562 2518 624 2604 τήν
640 2517 802 2603 ἀφάνισιν
818 2518 880 2604 τήν
898 2522 1057 2603 δευτέρην

58 2609 214 2698 Ἀριστέω
238 2617 323 2679 έτεσι
352 2613 594 2700 τεσσεράκοντα
618 2614 673 2681 καὶ
697 2619 909 2702 διηκοσίοισι,
933 2612 977 2693 ἀς
992 2610 1055 2699 έγοδ

61 2708 334 2796 συμβαλλόμενος
348 2716 385 2778 έν
398 2711 627 2799 Προκοννήσῳ
644 2715 748 2778 τεκαὶ
763 2704 985 2804 Μεταποντίῳ
1000 2709 1058 2778 εὕ-

60 2827 187 2896 ρισκον.
233 2816 482 2877 Μεταποντῖνοί
497 2828 579 2894 φασι
600 2806 704 2875 αὐτόν
721 2807 890 2894 Ἀριστέην
910 2809 1057 2893 φανέντα

59 2929 121 2992 σφι
143 2908 175 2985 ές
194 2905 256 2992 τήν
275 2908 388 2996 χώρην
406 2916 560 2975 κελεῦσαι
580 2907 696 2993 βωμόν
714 2905 896 2973 Ἀπόλλωνι
918 2905 1057 2989 ίδρόσα-

58 3014 142 3072 σθαι
153 3006 206 3069 καὶ
228 2999 381 3087 Ἀριστέω
398 3010 458 3071 τοῦ
468 3011 724 3090 Προκοννησίου
737 3006 930 3088 ἐπωνυμίην
941 3008 1055 3087 ἔχοντα

57 3100 243 3183 ἀνδριάντα
253 3099 326 3186 παρ’
340 3098 443 3199 αιξτόν
455 3108 588 3186 στήσαι·
604 3102 709 3185 φάναι
720 3100 785 3187 γάρ
797 3119 857 3185 σφι
868 3095 927 3166 τόν
938 3096 1050 3167 Ἀπόλ-

57 3212 151 3270 λωνα
164 3196 371 3266 Ἰταλιωτέων
384 3199 541 3284 μούνοισι
556 3200 597 3286 δή
614 3198 794 3267 ἀπικέσθαι
808 3201 841 3276 ές
857 3196 919 3283 τήν
932 3197 1053 3282 χώρην,

57 3302 114 3366 καὶ
128 3295 229 3374 αὐτός
244 3302 277 3363 οί
291 3300 431 3365 ἕπεσθαι
447 3295 465 3365 ὁ
482 3304 547 3364 νῦν
563 3296 628 3365 ε’ἀν
638 3296 811 3382 Ἀριστέης,
833 3293 906 3363 τότε
922 3298 976 3380 δέ,
1002 3293 1055 3360 ὅτε

58 3399 168 3464 εἵπετο
183 3400 228 3478 τῷ
243 3400 329 3483 θεῷ,
353 3393 436 3461 εἶναι
452 3396 563 3478 κόραξ.
587 3399 642 3461 καὶ
656 3395 791 3479 τὸνμὲν
806 3403 941 3462 είπαντα
953 3401 1055 3460 ταῦτα

1067 3532 1103 3621 A
