2354 3840
314 191 399 248 ΗΒ.
431 191 465 250 11.
501 182 600 248 CA'P.
634 197 770 253 69—92.
985 187 1047 250 159

42 345 186 434 ύγωυίης
201 351 334 432 έχοντα,
356 351 558 433 παρέχοντες
578 344 686 416 ύεθλα
700 346 823 435 κτήνεα
843 349 899 416 καὶ
911 353 1047 434 χλαίνας

42 447 91 512 καί
109 446 267 529 δέρματα.
300 447 476 531 εἰρομένου
491 446 531 511 δέ
540 470 615 529 μευ,
633 443 654 512 ό
665 471 698 513 τι
711 466 773 532 σφι
786 445 944 531 μούνοισι
959 453 1046 514 έαθε

42 539 229 626 ὁΠερσεύς
255 543 494 628 ἐπιφαίνεσθαι
518 544 574 610 καὶ
599 540 619 609 ὅ
642 570 675 611 τι
699 549 916 630 κεχωρίδαται
938 551 1048 630 Λίγυ-

42 647 143 708 ττίων
165 647 233 708 τῶν
255 639 367 709 ἄλλων
389 637 505 725 ἀγῶνα
532 639 700 727 γυμνικόν
720 645 887 728 τιθέντες,
915 647 1046 728 έφασαν

42 736 94 806 ιόυ
111 741 247 824 Περσέα
264 740 302 805 ἐκ
322 745 380 824 της
397 740 534 806 ἑωυτῶν
554 737 671 817 πόλιος
690 742 882 825 γεγονέναι·
905 737 966 808 τόν
980 737 1046 826 γὰρ

42 832 180 905 Δαναόν
196 836 252 902 καί
270 833 331 903 τόν
345 839 482 921 Λυγκέα
503 835 620 914 ἐόντας
636 843 805 923 Χεμμίτας
825 839 993 904 ἐκπλῶσαι
1014 838 1047 914 ές

42 933 95 1022 τὴν
116 931 270 1001 Ἑλλάδα.
307 929 373 1000 ἀπὸ
396 935 433 1001 66
453 933 584 1001 τούτων
603 938 876 1020 γενεηλογέοντες
890 936 1047 1020 κατέβαι-

42 1058 96 1099 ιον
115 1032 150 1108 ἐς
164 1027 226 1097 τόν
241 1032 384 1116 Περσέα.
425 1028 632 1119 ἀπικόμενον
647 1034 684 1100 δὲ
704 1030 810 1100 αύτὸυ
824 1035 858 1112 ἐς
871 1041 1047 1119 Αἴγυπτον

42 1126 109 1197 ευτ’
128 1132 255 1214 αίτίην,
284 1123 347 1213 τὴν
363 1130 420 1196 καὶ
433 1126 590 1215 Ἕλληνες
603 1133 757 1216 λέγουσι,
782 1140 917 1198 οίσουτα
932 1131 969 1195 ἐκ
983 1134 1046 1194 Λι-

42 1227 122 1313 λύης
143 1222 208 1311 τὴν
229 1231 382 1312 Γοργοῦς
402 1224 572 1313 κεφαλὴν,
601 1233 732 1313 ἔφασαν
752 1229 866 1294 ἐλθεῖν
887 1228 942 1293 καί
955 1220 1045 1309 παρὰ

42 1327 144 1410 ιφέας
160 1325 215 1390 καί
229 1320 424 1409 ἀναγνῶναι
444 1321 524 1402 τούς
540 1327 721 1410 συγγενέας
736 1323 879 1401 πάντας·
903 1325 1047 1406 έκμεμα·

42 1420 171 1508 ληκότα
196 1424 236 1488 δέ
245 1448 304 1507 μιν
325 1419 508 1490 ἀπικέσθαι
529 1424 562 1501 ές
575 1432 751 1508 Αίγυπτον
770 1419 808 1489 τό
829 1427 887 1507 τῆς
899 1421 1047 1505 Χέμμιος

42 1517 192 1604 ιύνομα,
219 1524 435 1605 πεπυσμένου
455 1517 547 1604 παρὰ
567 1526 625 1608 τῆς
645 1519 786 1607 μητρός·
818 1516 933 1604 ιἰγύυα
955 1518 994 1584 δέ
1015 1518 1049 1583 oc

42 1613 209 1702 ιυμνικόν
223 1613 329 1684 αὐτοῦ
345 1617 566 1695 κελεύσαντος
579 1619 767 1685 ἐπιτελέειν.

127 1719 240 1781 Ταῦτα
263 1714 326 1799 μὲν
351 1714 461 1783 πάντα
481 1719 516 1784 oc
533 1716 726 1803 κατύπερθε
746 1721 815 1781 τῶν
835 1717 938 1782 ἑλέων
957 1713 1047 1779 οίκέ-
1061 1730 1096 1786 92

42 1839 135 1892 ιυτες
149 1810 329 1897 Αίγύπτιοι
342 1820 523 1899 νομίζουσι.
557 1819 591 1881 οί
604 1813 640 1881 δὲ
655 1811 695 1899 θη
713 1816 750 1880 ἐν
764 1827 849 1880 τοῖσι
865 1815 952 1880 ἕλεσι
967 1834 1048 1878 κατ·

42 1913 214 1998 ιικημένοι
238 1925 323 1978 τοῖσι
348 1914 411 1997 μὲν
441 1910 571 1980 αύτοῖσι
598 1910 733 1996 νόμοισι
750 1914 931 1997 χρέονται,
960 1923 1047 1976 τοῖσι

42 2012 94 2078 καί
118 2012 155 2076 oc
175 2005 270 2075 ἄλλοι
290 2009 488 2095 Αἰγύπτιοι,
516 2012 573 2076 καί
594 2005 634 2075 τὰ
656 2005 741 2074 ἄλλα
760 2009 816 2073 καὶ
836 2009 972 2091 γυναικί
988 2011 1047 2093 μιῇ

42 2110 179 2182 ἕκαστος
204 2101 317 2172 αὐτῶν
342 2110 526 2193 συνοικέει,
570 2103 718 2194 κατάπερ
753 2102 928 2190 Ἕλληνες,
961 2099 1046 2189 ύτόιρ

42 2202 125 2291 πρὸς
147 2200 316 2290 εὐτελείην
339 2211 407 2272 τόν
432 2210 548 2273 σιτίων
570 2201 650 2271 τόδε
670 2222 731 2289 σφι
752 2200 836 2271 ἄλλα
857 2201 1045 2289 ἐξεύρηται·

42 2299 145 2371 ἐπεὰν
160 2299 288 2389 πλήρης
301 2299 464 2389 γένηται“
449 2328 467 2370 ο
479 2298 627 2388 ποταμός
640 2303 696 2368 καί
709 2327 750 2368 τα
738 2298 860 2368 πεδία
875 2305 1047 2385 πελαγίση,

42 2401 164 2488 φύεται
186 2402 223 2467 έν
244 2427 290 2490 τῳ
276 2401 404 2470 &aaa
418 2407 536 2485 κρίνεα
549 2396 674 2483 πολλοὶ,
698 2425 739 2465 τα
728 2397 935 2482 Αίγύπτιοι
949 2398 1049 2462 καλέ·

42 2519 119 2568 ουσι
145 2497 263 2567 λαιόν.
314 2505 419 2566 ταῦτα
443 2495 546 2567 ἐπεὰν
570 2500 733 2582 θρέψωσι,
757 2491 935 2561 αὐαίνουσι
964 2489 1049 2578 πρὸς

42 2596 156 2685 ἥλιον,
184 2598 239 2664 καὶ
255 2601 385 2664 ἔπειτεν
407 2592 444 2663 τό
467 2596 503 2663 ἐκ
525 2599 587 2660 τοῦ
607 2594 712 2678 μέσου
728 2616 789 2658 του
774 2595 915 2658 λωτοῦ
927 2614 968 2678 τη
983 2615 1049 2677 μη-

42 2719 127 2761 κωνι
145 2689 203 2760 ἐόν
218 2693 359 2779 ἐμφερές
373 2697 548 2768 πτίσαντες
561 2695 736 2757 ποιεῦνται
758 2689 791 2767 ἐξ
807 2684 912 2754 αὐτοῦ
926 2683 1049 2773 όῖρτους

42 2786 166 2867 ὀπτούς
180 2795 271 2876 πυρί.
304 2793 372 2857 ἔστι
390 2787 426 2856 δὲ
440 2783 526 2855 καί
508 2815 529 2874 η
546 2789 581 2875 ῥί
580 2792 617 2866 ζα
630 2811 692 2853 του
677 2790 815 2852 λωτοῦ
827 2783 950 2850 τούτου
966 2785 1049 2850 66⁶2-

43 2892 122 2973 όίμη
138 2888 194 2952 καί
208 2882 385 2969 ἐγγλύσσει
400 2885 584 2967 ἐπιεικέως,
612 2878 670 2947 έόυ
692 2880 917 2967 στρογγύλον,
946 2880 1049 2962 μέγα·
1160 2944 1162 2949 ,

42 2998 105 3063 θος
121 2978 206 3050 κατὰ
223 2987 339 3099 μηλου.
368 2984 437 3047 ἐστι
450 2981 487 3046 δέ
500 2980 556 3045 καί
571 2975 656 3044 ἄλλα
670 2982 786 3062 κρίνεα
800 2974 929 3058 ρόθοισι
946 2974 1049 3057 έμφε-

44 3085 121 3170 ρέα,
144 3081 182 3148 ἐν
196 3084 242 3169 τῷ
255 3083 393 3164 ποταμῷ
412 3075 574 3162 γινόμενα
595 3076 790 3155 καὶταῦτα,
810 3063 950 3135 έκτόυό
965 3093 1050 3153 καρ-

42 3178 106 3258 πός
124 3181 161 3247 ἐν
176 3176 260 3266 αλλη
273 3176 396 3244 κόλακι
411 3176 655 3294 παραφυομένῃ
676 3174 765 3239 έκ
726 3195 783 3255 της
803 3170 891 3256 ῥίζης
910 3173 1049 3252 γίνεται,

44 3284 150 3368 κηρίφ
176 3280 317 3362 σφηκῶν
340 3269 474 3359 ίόέην
459 3269 666 3357 ομοιότατον.
713 3270 750 3335 έν
775 3263 882 3355 τούτῳ
907 3261 1049 3352 τρωκτὰ,

45 3374 129 3446 ὅσον
149 3399 186 3441 τε
206 3396 320 3458 πυρην
342 3370 468 3456 ἐλαίης,
492 3370 656 3455 ἐγγίνεται
676 3362 799 3452 συχνὰ,
828 3362 990 3451 τρώγεται
1013 3364 1050 3428 66
