2354 3840
142 198 198 260 [90
508 203 758 259 HERODOTI

134 358 211 438 κτός
224 386 289 446 μυς
302 356 507 448 ἀρουραίους
520 357 603 426 κατὰ
621 359 684 444 μὲν
707 372 830 446 φαγεῖν
852 358 931 441 τούς
945 370 1135 452 φαρετρεῶ-

133 487 194 541 νας
215 459 343 543 αὐτῶν,
372 458 456 528 κατὰ
474 458 565 528 δὲτὰ
580 459 676 547 τόξα,
699 458 784 545 πρός
798 462 835 528 δέ
848 467 917 529 τῶν
930 457 1084 530 ἀσπίδων
1096 459 1133 530 τό

133 557 253 647 όχανα,
276 558 360 626 όόστε
379 565 420 647 τῃ”
446 557 605 647 ὑστεραίῃ
626 560 826 646 φευγόντων
853 563 968 647 σφέων
995 566 1135 648 γυμνῶν

133 655 249 726 ὅπλων
277 657 409 723 πεσέειν
436 655 592 734 πολλούς.
638 659 694 724 καλ
717 664 784 724 νῦν
808 650 908 737 οὗτος
933 656 952 726 ὁ
977 655 1135 745 βασιλεύς

132 757 248 842 ἕστηκε
268 757 305 822 ἐν
320 761 367 844 τῷ
385 759 446 845 ίρῷ
460 760 521 821 τού
535 752 721 840 Ἡφαίστου
736 761 885 840 λίθινος,
909 761 995 842 ἔχων
1011 757 1065 824 &az
1078 760 1135 841 τῆς

130 849 239 937 χειρὸς
264 855 349 936 μῦν,
380 851 489 936 λέγων
515 847 570 918 διὰ
595 850 800 937 γραμμάτων
820 851 898 918 τάδε
945 849 1014 919 ’Ex
1032 848 1139 919 'EME

135 954 214 1015 ΤΙΣ
230 944 396 1017 ὈΡΕΩΝ
415 956 633 1017 ΕῬΣΕΒΗΣ
654 945 792 1017 ΈΣΤΩ.

66 1062 115 1117 142
212 1042 278 1114 ἘΣ
296 1053 403 1114 ΜΕΝ
420 1045 560 1116 τοσόνδε
579 1051 641 1114 τοῦ
661 1046 767 1131 λόγου
781 1046 965 1132 Αἰγύπτιοί
981 1072 1018 1114 τε
1032 1049 1134 1114 καλοί

129 1149 215 1233 ίρέες
230 1153 363 1232 ἔλεγον,
389 1142 648 1223 ἀποδεικνύντες
662 1142 728 1213 ἀπό
751 1152 811 1213 τοῦ
828 1145 965 1230 πρύτου
978 1147 1130 1232 βασιλέος

129 1245 163 1323 ές
176 1252 237 1312 τού
256 1244 441 1330 Ἡφαίστου
455 1239 516 1310 τόν
528 1244 602 1327 ἱρέα
615 1249 736 1310 τοῦτον
750 1241 811 1311 τόν
827 1250 1019 1312 τελευταῖον
1032 1249 1130 1329 βασι-

127 1343 293 1410 λεύσαντα
307 1349 388 1427 μίαν
401 1367 437 1408 τε
453 1344 508 1409 καὶ
522 1340 765 1424 τεσσεράκοντα
788 1346 843 1410 καί
862 1348 1054 1429 τριηκοσίας
1068 1339 1129 1409 ἀυ-

126 1443 278 1529 θροόπων
290 1439 409 1527 γενεὰς
424 1442 616 1526 γενομένας,
635 1442 690 1509 καί
702 1443 741 1510 έν
754 1441 892 1530 ταύτῃσι
906 1437 1061 1527 ἀρχιρέας
1075 1443 1129 1509 καὶ

127 1543 282 1629 βασιλέας
293 1540 468 1624 ἑκατέρους
478 1538 660 1618 τοσούτους
672 1541 883 1626 γευομένους.
913 1545 1021 1606 καίτοι
1034 1564 1125 1626 τριῃ·

127 1636 237 1705 κόσιαι
252 1635 314 1721 μὲν
330 1632 466 1722 ἀνδρῶν
479 1639 590 1721 γενεαί
605 1640 762 1706 δυνέαται
776 1637 880 1725 μύρια
902 1642 993 1706 ἔτεα·
1016 1639 1126 1723 γενεαί

125 1732 191 1822 γὰρ
204 1749 292 1819 τρεῖς
307 1733 442 1822 ἀνδρῶν
455 1733 574 1803 ἑκατόν
589 1736 664 1804 έτεά
679 1737 756 1804 έστι.
795 1741 872 1822 μιῆς
892 1734 929 1802 δέ
943 1735 999 1802 καί
1012 1751 1125 1800 τεσσε-

125 1833 271 1921 ράκοντα
291 1841 339 1904 έιι
360 1843 429 1905 τῶν
455 1839 636 1906 ἐπιλοίπων
660 1839 805 1922 γενεῶν,
840 1843 878 1904 αλ
899 1837 1028 1922 ἐπῆσαν
1052 1841 1124 1922 τῇσι

124 1942 340 2025 τριηκοσίῃσι,
366 1938 435 2005 ἐστὶ
445 1936 693 2022 τεσσεράκοντα
708 1941 764 2005 καὶ
779 1934 952 2023 τριηκόσια
967 1936 1024 2004 καί
1037 1941 1124 2021 χίλια

123 2041 204 2104 έτεα.
246 2034 335 2104 οὕτω
356 2039 393 2104 έν
415 2044 567 2123 μυρίοισί
582 2062 618 2105 τε
640 2039 800 2106 έιεσιικαλ
814 2043 948 2122 χιλίοισι
964 2035 1020 2102 καλ
1040 2032 1124 2119 πρὸς

123 2137 345 2218 τριηκοσίοισί
360 2158 395 2200 τε
415 2135 471 2201 καί
485 2134 727 2222 τεσσεράκοντα
742 2141 858 2221 έλεγον
878 2129 964 2202 θεὸν
983 2130 1123 2220 ἀνθρω-

121 2230 255 2297 ποειδέα
278 2227 400 2298 οὐδένα
434 2229 607 2312 γενέσθω·
652 2228 693 2302 ού
728 2231 791 2320 μέν
832 2227 914 2300 ούδδ
944 2228 1121 2318 πρότερον,

121 2323 200 2393 ούδὲ
216 2326 360 2412 ύστερον
376 2332 414 2420 έν
429 2345 514 2399 τοῖσι
530 2330 742 2400 ὑπολοίποισι
756 2329 931 2415 Αἰγύπτου
948 2333 1121 2415 βασιλεῦσι

121 2421 330 2513 γενομένοισι
345 2433 461 2514 ἔλεγον
474 2435 605 2496 τοιοῦτο
620 2427 730 2497 ούδέν.
773 2431 810 2496 έν
824 2433 942 2495 τοίνυν
952 2424 1061 2509 τούτῳ
1074 2431 1120 2515 τῷ

118 2523 228 2614 χρόνῳ
248 2524 399 2611 τετράκις
417 2532 533 2614 ἔλεγον
552 2527 587 2606 έξ
606 2524 721 2614 ἡδέων
739 2523 800 2594 τόν
819 2524 917 2614 ἥλιον
931 2521 1118 2592 ἀνατεῖλαι·

117 2629 203 2691 ἔνθα
216 2651 251 2692 τε
264 2632 331 2693 νύν
344 2629 552 2716 καταδύεται,
574 2631 735 2717 ἐνθεῦτεν
749 2632 799 2707 δὶς
813 2630 1041 2711 ἐπανατεῑλαι,
1063 2626 1119 2693 καλ

116 2726 219 2789 ἔνθεν
238 2731 304 2790 νῦν
318 2722 505 2813 ἀνατέλλει,
528 2729 678 2796 ἐνθαῦτα
692 2728 742 2805 δὶς
756 2728 957 2794 καταδῦναι·
980 2724 1036 2790 καὶ
1056 2719 1118 2789 ού-

117 2818 175 2887 δὲν
189 2825 258 2886 των
273 2818 347 2888 κατ’
367 2830 540 2907 Αλγνπτον
555 2813 622 2890 ὑπὸ
636 2829 740 2889 ταῦτα
757 2825 1016 2906 ἑτεροιωθῆναι,
1038 2817 1117 2886 οὔτε

115 2914 155 2985 τὰ
176 2920 213 2985 έκ
232 2925 290 3004 τῆς
310 2926 371 3006 γῆς
391 2917 469 2988 ούτε
488 2918 529 2988 τά
549 2923 586 2989 έν
605 2927 667 2988 τοῦ
689 2927 841 3007 ποταμοῦ
861 2939 922 3005 σφι
941 2915 1116 3004 γινόμενα,

114 3012 192 3082 ὀύτε
204 3013 245 3083 τοὶ
262 3014 348 3103 ἀμφὶ
362 3018 508 3097 νούσους
522 3017 598 3086 οὔτε
613 3014 654 3085 τά
669 3016 751 3087 κατὰ
765 3016 844 3098 τούς
857 3016 1039 3094 θανάτους.

49 3129 98 3185 143
195 3113 368 3201 Πρότερον
383 3116 420 3183 δέ
434 3114 592 3207 Ἑκαταίῳ
606 3124 651 3208 τῷ
668 3124 834 3208 λογοποιῷ
855 3119 892 3184 έν
907 3113 1037 3204 Θήβῃσι
1056 3140 1113 3200 γε-

112 3210 355 3296 νεηλογήσαντί
365 3236 401 3278 τε
415 3209 542 3279 ἑωυτόν
557 3215 612 3279 καὶ
627 3209 831 3300 ἀναδήσαντι
845 3209 907 3300 τὴν
921 3210 1066 3299 πατριὴν
1079 3213 1113 3290 ές

36 3345 39 3350 -
112 3309 346 3375 ἑκκαιδέκατον
364 3307 450 3377 θεὸν
473 3311 632 3396 έποίῃσαν
655 3317 689 3380 οί
705 3315 791 3400 ίρέες
810 3318 872 3381 τοῦ
886 3310 970 3390 Διὸς
994 3305 1067 3379 οἶόν
1080 3337 1113 3378 τι

111 3405 166 3473 καί
180 3406 252 3490 ἐμοὶ
272 3401 314 3473 ού
334 3407 612 3495 γενεηλογήσαντι
627 3409 812 3497 ἐμεωυτόν·
841 3408 1061 3497 ἐσαγαγόντες
1077 3411 1111 3487 ἐς
