2354 3840
327 201 410 256 LIB.
443 201 489 256 lV.
524 200 622 258 cm.
659 208 801 265 90-95.
1005 206 1067 270 335

60 353 162 423 τόνδε
183 351 243 421 τόν
269 355 411 445 τρόπον·
445 356 523 425 ούτε
544 356 775 447 ἀποθνήσκειν
800 366 945 446 ἑωυτούς
969 375 1067 455 νομί-

60 461 170 541 ζουσι,
193 456 279 524 ἰέναι
299 482 334 524 τε
355 454 416 525 τόν
438 455 674 546 ἀπολλύμενον
694 460 783 549 παρά
799 465 967 553 Ζάλμοξιν
991 472 1066 537 δαί·
1152 524 1155 529 .

59 582 158 644 μονα.
188 559 223 623 οἱ
238 555 275 624 δὲ
296 552 410 624 αύττόν
428 554 489 624 τόν
509 554 614 624 αύιὸν
634 566 755 628 τοῦτον
776 569 947 648 νομίζουσι
962 572 1066 652 Γεβε-

59 660 170 739 λέλζιν.
188 652 245 724 διά
255 660 488 742 πεντετηρίδος
499 659 534 723 δὲ
546 653 606 724 τόν
618 656 712 748 πάλμ
724 660 867 745 λαχόντα
878 665 941 731 αἰεὶ
951 666 1066 748 σφέων

61 752 175 825 αύτεόν
195 751 431 839 ἀποπέμπουσι
451 752 594 841 ἀγγελον
611 753 702 842 παρά
724 754 784 826 τόν
799 760 982 847 Ζάλμοξιν,
1009 767 1065 833 έν-

60 853 255 941 τελλόμενοι
269 861 337 922 τῶν
352 849 396 922 ἀν
408 856 562 924 έκάστοτε
574 859 722 926 δέωνται.
747 862 915 947 πέμπουσι
930 863 966 932 δὲ
982 856 1063 954 ᾆδε·

61 961 96 1025 ot*
107 956 172 1042 μὲν
190 951 304 1022 αὐτῶν
319 956 496 1040 ταχθέντες
511 953 651 1024 ἀκόντια
666 965 741 1043 τρία
762 965 891 1046 ἔχουσι,
915 963 1007 1033 ἀλλοι
1027 965 1064 1033 δὲ

61 1054 277 1141 διαλαβόντες
287 1061 349 1122 τοῦ
360 1051 643 1142 ἀποπεμπομένου
655 1055 746 1144 παρά
757 1056 817 1125 τόν
827 1059 995 1146 Ζάλμοξιν
1005 1060 1064 1142 τάς

59 1165 170 1239 χεῖρας
184 1153 239 1220 καὶ
254 1149 333 1231 τούς
349 1151 470 1238 πόδας,
493 1150 756 1240 ἀνακινήσαντες
771 1152 876 1223 αὐτόν
896 1163 1064 1248 μετέωρον

60 1247 230 1335 ῥιπτέουσι
240 1246 479 1336 έςτάςλόχχας.
500 1245 543 1336 ἢν
557 1252 619 1336 μὲν
635 1249 676 1338 δή
694 1249 854 1341 ἀποθάνῃ
870 1253 1061 1342 άναπαρεὶς,

61 1361 145 1415 τοῖσι
165 1346 310 1425 δέῖλεως
330 1343 445 1425 ὁθεδς
461 1352 568 1415 δοκέει
586 1345 687 1415 εἶναι’
711 1344 753 1435 ἢν
774 1351 810 1416 δὲ
831 1346 875 1437 μή
892 1348 1062 1440 ἀποθάνῃ,

60 1449 240 1514 αἰτιεῦνται
250 1442 426 1514 αύτόντὸυ
435 1442 591 1531 ἄγγελον,
608 1447 756 1534 φάμενοί
762 1475 822 1534 μιν
833 1447 942 1537 ἀνδρα
956 1446 1063 1517 κακόν

60 1542 161 1629 εἶναι,
184 1539 412 1631 αἰτιησάμενοι
428 1546 464 1612 δὲ
480 1551 600 1613 τοῦτον
614 1544 718 1612 ἀλλον
731 1542 981 1632 ἀποπέμπουσι·
1005 1548 1062 1614 έν-

59 1649 229 1713 τέλλονται
244 1647 280 1712 δὲ
292 1651 340 1712 ἔτι
352 1644 478 1726 ζάοντι.
502 1635 597 1711 οὗτοι
610 1649 644 1713 οἱ
653 1641 747 1713 αὐτοὶ
758 1645 900 1733 Θρήικες
911 1651 967 1716 καὶ
977 1643 1062 1734 πρός

57 1739 206 1831 βροντήν
220 1769 255 1810 τε
271 1745 327 1811 καὶ
341 1739 515 1830 ἀστραπήν
531 1742 723 1821 τοξεύοντες
743 1741 814 1812 άνω
828 1743 912 1833 πρός
926 1745 986 1814 τόν
1000 1743 1062 1814 οὐ·

57 1837 165 1925 ρανδν
176 1837 366 1906 ἀπειλέουσι
372 1840 419 1926 τῷ
424 1843 509 1929 θεῷ,
526 1835 648 1907 οὐδένα
660 1838 764 1908 ἀλλον
774 1838 861 1908 θεόν
872 1848 1061 1928 νομίζοντες

59 1936 143 2006 εἶναι
159 1943 189 2005 εἰ
203 1933 247 2022 μή
265 1934 326 2004 τόν
343 1942 515 2029 σφέτερον.
554 1932 612 2014 Ὡς
627 1939 662 2003 δὲ
679 1933 742 2022 έχδ
758 1939 977 2026 πυνθάνομαι
991 1948 1059 2008 τῶν
1073 1960 1110 2018 95

56 2035 117 2107 τόν
125 2035 371 2123 Ἑλλήσποντον
387 2027 566 2105 οἰκεόντων
575 2032 744 2123 Ἑλλήνων
759 2039 814 2106 καὶ
827 2038 978 2127 Πόντον,
1001 2036 1060 2108 τόν

19 2140 29 2147 ’
56 2136 225 2223 Ζάλμοξιν
240 2143 362 2205 τοῦτον
379 2137 476 2204 ἐόντα
494 2133 680 2223 άνθρωπον
694 2140 875 2206 δουλεῦσαι
889 2139 927 2205 έν
941 2138 1058 2230 Σάμῳ,

55 2240 237 2304 δουλεῦσαι
258 2237 294 2305 δὲ
308 2235 498 2325 Πυθαγόρῃ
520 2240 566 2327 τῷ
583 2232 810 2322 Μνησάρχου·
838 2237 999 2305 ἐνθεῦτεν
1023 2238 1060 2305 δὲ

56 2330 164 2401 αὐτόν
177 2334 365 2420 γενόμενον
379 2335 563 2420 ἐλεύθερον
576 2334 726 2421 χρήματα
738 2331 925 2419 κτήσασθαι
940 2333 1058 2421 συχνά,

55 2431 265 2519 κτησάμενον
287 2437 323 2502 δὲ
340 2432 502 2503 ἀπελθεῖν
523 2434 555 2510 ές
575 2430 637 2518 τήν
659 2435 802 2498 ἑωυτοῦ·
826 2429 883 2497 άτε
904 2432 941 2499 δὲ
955 2458 1059 2500 κακο-

54 2536 140 2617 βίων
154 2556 190 2599 τε
204 2530 330 2598 ἐόντων
346 2537 414 2597 τῶν
428 2535 585 2615 Θρηίκων
602 2530 656 2595 καὶ
675 2524 979 2615 ὑπαφρονεστέρων
996 2525 1058 2596 τόν

56 2628 223 2715 Ζάλμοξιν
239 2636 361 2698 τοῦτον
376 2627 597 2713 ἐπιστάμενον
608 2625 739 2694 δίαιτάν
749 2651 784 2693 τε
796 2622 884 2694 Ἰάδα
902 2630 957 2696 καὶ
970 2625 1059 2715 ἤθεα

54 2726 227 2816 βαθύτερα
246 2723 268 2814 ἢ
289 2725 372 2796 κατά
388 2726 550 2814 Θρήικας,
577 2719 630 2792 οἷα
643 2721 780 2809 Ἕλλησί
797 2750 832 2790 τε
852 2721 1057 2812 ὁμιλήσαντα

53 2827 108 2894 καὶ
123 2822 291 2912 Ἑλλήνιον
313 2823 355 2893 ού
375 2832 420 2915 τῷ
445 2821 680 2913 ἀσθενεστάτῳ
700 2828 841 2909 σοφιστῇ
852 2822 1055 2911 Πυθαγόρη,

52 2923 368 2992 κατασκευάσασθαι
384 2919 576 3012 ἀνδρεῶνα,
597 2924 630 3000 ές
643 2917 704 2988 τόν
720 2919 973 2986 πανδοκεύοντα
988 2926 1056 2986 τῶν

36 3019 167 3090 ,ἀστῶν
184 3017 262 3100 τούς
278 3020 431 3108 πρότους
450 3023 505 3089 καὶ
527 3017 710 3105 εὐωχέοντα
733 3013 986 3101 ἀναδιδάσκειν,
1012 3011 1057 3095 ὦς

52 3115 131 3187 ούτε
147 3114 248 3196 αύτδς
269 3115 346 3186 οὔτε
368 3125 402 3187 oc
415 3116 582 3205 συμπόται
604 3113 709 3184 αὐτοῦ
725 3112 803 3180 ούτε
819 3118 853 3181 οἱ
868 3117 904 3181 ἐκ
926 3113 1057 3182 τούτων

51 3221 116 3286 αἰεὶ
139 3216 313 3305 γινόμενοι
344 3215 609 3301 ἀποθανέονται,
639 3210 712 3281 ἀλλ’
745 3211 860 3298 ἥξουσι
884 3216 917 3293 ές
944 3221 1056 3304 χοῖρον

49 3322 190 3402 τοῦτον,
212 3318 269 3383 ἵνα
284 3318 347 3384 αἰεὶ
362 3314 551 3404 περιεόντες
564 3317 676 3394 ἕξουσι
690 3307 730 3378 τά
746 3310 855 3379 πάντα
869 3308 992 3397 ἀγαθά.
1018 3313 1056 3379 έν

51 3405 78 3501 ό
94 3411 131 3481 δέ
145 3415 253 3482 έποίεε
266 3410 308 3482 τά
321 3413 567 3500 καταλεχθέντα
579 3412 635 3480 καὶ
649 3414 742 3495 έλεχε
757 3414 878 3493 ταῦτα,
895 3407 1055 3502 ἐντούτῳ
