2354 3840
143 209 206 271 276
519 204 768 262 HERODOTI

141 367 221 441 ὄυιν
237 372 377 451 παντοίη
400 366 525 450 ἐγίνετο
550 358 594 447 μή
615 357 880 447 ἀποδημῆσαι
846 386 906 427 τον
922 363 1136 448 Πολυκράτεα

141 462 231 550 παρά
255 463 315 533 τόν
337 460 501 549 Ὀροίτην,
521 461 576 527 καὶ
601 456 642 545 66
672 459 728 526 καὶ
749 456 859 535 ἐόντος
880 454 987 526 αὐτοῦ
1008 456 1115 528 ἐπὶ
1080 484 1136 547 την

139 561 405 651 πεντηκόντερον
422 563 646 646 ἐπεφημίζετο.
675 554 694 625 ὁ
717 559 804 626 ὃέοί
789 553 996 645 ίήπείλησε,
1010 549 1135 644 ἣνσόος

139 658 368 747 ἀπονοστήση,
391 657 518 726 πολλόν
534 683 593 742 μιν
608 655 734 742 χρόνον
747 655 1032 742 παρθενεύεσθαι.
1067 684 1089 745 η
1075 655 1136 727 ‘66

139 755 285 845 ήρήσατο
302 759 449 824 ἐπιτελέα
463 762 568 823 ταῦτα
582 753 758 840 γενέσθαι·
773 753 1014 840 βούλεσθαι
972 782 1040 842 γαρ
1055 781 1134 846 παρ-

73 873 123 926 Ικσ
137 855 343 924 θενεύεσθαι
353 856 441 922 πλέω
453 852 577 940 χρόνον
590 848 612 938 6
623 858 684 919 τοῦ
695 849 819 935 πατρὸς
834 854 1042 940 ἐστερῆσθαι.
1069 864 1134 925 Πο-

139 952 305 1039 λυκράτης
320 951 357 1019 δέ
378 952 486 1035 πάσης
508 958 714 1037 συμβουλίης
734 946 900 1035 ἀλογήσας
920 955 1028 1019 ἐπλωε
1049 948 1132 1038 παρὰ

131 1044 200 1117 ’τὸν
218 1047 386 1138 Ὀροίτην,
410 1049 478 1136 άμα
506 1045 669 1134 ἀγόμενος
694 1045 816 1124 ἀλλους
839 1074 874 1115 τε
898 1047 1047 1128 πολλούς
1072 1057 1131 1131 των

139 1151 295 1235 ἑταίρων,
324 1151 361 1214 ἐν
390 1149 426 1214 ὁέ
453 1145 493 1232 66
515 1149 570 1213 καὶ
592 1143 794 1230 Δημοκήδεα
816 1141 876 1212 τόν
897 1153 1131 1232 Καλλιφῶντος

137 1243 375 1332 Κροτωνιήτην
395 1243 520 1328 ἀνδρα,
547 1243 663 1329 ἰητρόν
679 1268 715 1310 τε
738 1241 836 1310 ἐόντα
857 1246 912 1311 καὶ
930 1243 994 1331 τήν
1018 1249 1129 1332 τέχνην

137 1339 303 1410 ἀσκέοντα
322 1340 439 1428 ἀριστα
467 1349 534 1409 τῶν
559 1338 632 1409 κατ’
656 1341 790 1408 ἑωυτόν.
825 1337 1028 1428 ἀπικόμενος
1049 1342 1085 1411 δὲ
1103 1345 1129 1421 ἐς
1173 1432 1175 1441 Ι

137 1436 199 1524 τήν
214 1446 418 1525 Μαγνησίην
439 1437 456 1507 6
479 1437 697 1525 Πολυκράτης
718 1438 889 1526 διεφθάρη
909 1448 1038 1526 κακῶς,
1060 1440 1128 1509 οὔτε
1172 1458 1175 1491 ³

137 1539 264 1603 ἑωυτοῦ
280 1534 378 1616 ἀξίως
398 1536 476 1605 ούτε
495 1544 562 1604 τῶν
583 1538 711 1604 ἑωυτοῦ
731 1536 974 1624 φρονημάτων·
1003 1537 1056 1607 ὅτι
1071 1534 1128 1626 γάρ

137 1630 181 1718 μή
204 1636 237 1699 οί
255 1641 476 1719 Συρηκοσίων
498 1634 673 1720 γενόμενοι
693 1636 871 1720 τύραννοι,
900 1632 981 1704 οὐδὲ
1001 1632 1049 1715 εἷς
1069 1641 1128 1704 τόν

137 1729 248 1798 ἀλλων
256 1729 459 1819 Ἑλληνικῶν
473 1736 651 1818 τυράννων
666 1733 758 1814 άξιός
772 1736 839 1801 ἐστι
849 1735 1065 1824 Πολυκράτεϊ
1076 1761 1128 1824 με·

136 1829 381 1915 γαλοπρίπειαν
411 1840 657 1920 συμβληθῆναι.
695 1829 892 1910 ἀποκτείνας
922 1833 963 1899 δέ
984 1861 1046 1921 μιν
1073 1831 1127 1902 ούκ

136 1922 233 2005 ἀξίως
247 1924 431 2015 ἀπηγήσιος
442 1927 588 2015 Ὀροίτης
602 1927 852 2015 ἀνεσταύρωσε·
874 1935 942 1996 τῶν
957 1932 997 1998 δέ
1008 1936 1044 2000 οί
1056 1934 1127 2001 ἐπο-

132 2027 245 2109 μένων
261 2020 334 2091 ὅσοι
356 2025 418 2108 μ-ἐν
438 2016 525 2109 ήσαν
545 2024 687 2110 Σάμιοι,
715 2022 837 2110 ἀπῆκε,
860 2025 1010 2094 κελεύων
1031 2029 1128 2116 σφέας

133 2125 245 2209 ἑωυτῷ
261 2120 360 2207 χάριν
377 2124 500 2190 εἰδέναι
522 2124 636 2202 ἐόντας
657 2125 873 2209 ἐλευθέρους,
896 2123 971 2193 ὅσοι
989 2127 1027 2194 66
1046 2121 1128 2216 ήσαν

134 2221 237 2296 ξεῖνοί
256 2242 291 2283 τε
315 2221 370 2285 καλ
394 2222 510 2287 δοῦλοι
535 2228 603 2288 τῶν
628 2225 815 2307 ἑπομένων,
844 2225 881 2289 ἐν
908 2221 1128 2313 ἀνδραπόδων

132 2313 223 2404 λόγῳ
237 2317 436 2401 ποιεύμενος
452 2315 524 2405 εἶχε.
569 2319 787 2406 Πολυκράτης
807 2317 878 2387 66'
859 2322 1129 2410 ανακρεμάμενος
1170 2318 1175 2327 ’

132 2413 281 2480 ἐπετέλεε
296 2421 408 2481 πάσαν
421 2413 483 2534 τήν
498 2415 578 2498 ὅφιν
590 2424 646 2504 τῆς
657 2418 842 2505 θυγατρός·
865 2423 980 2489 ἐλοῦτο
992 2420 1105 2508 μέν
1066 2447 1128 2509 γαρ

132 2507 200 2579 ὑπό
226 2517 287 2578 τοῦ
309 2510 410 2598 Διὸς,
440 2511 527 2593 ὅκως
550 2515 624 2602 ύοι,
653 2519 775 2603 ἐχρίετο
803 2515 877 2583 δὲ
859 2516 926 2585 υπὸ
948 2526 1011 2587 τοῦ
1035 2517 1130 2608 ἡλίου

132 2607 236 2684 ἀνιεὶς
251 2605 351 2685 αὐτὸς
366 2613 401 2678 ἐκ
416 2619 476 2678 τοῦ
491 2614 641 2700 σωματος
656 2615 787 2700 ἰκμάδα.
820 2618 1057 2705 Πολυκράτεος
1070 2623 1130 2706 μὲν

132 2703 172 2792 66
185 2710 221 2772 αί
230 2705 397 2772 πολλαι’
361 2716 507 2794 ευτυχίαι
523 2714 555 2789 ἐς
570 2718 668 2778 τούτο
683 2709 909 2801 ἐτελεύτησαν,
929 2721 968 2802 τή
983 2721 1018 2783 oc
1027 2713 1131 2803 ’Ἁμα-

131 2799 214 2880 σιςὸ
232 2803 408 2887 Αἰγύπτου
423 2806 580 2892 βασιλεύς
595 2809 925 2929 προεμαντεύσατο.

66 2923 114 2978 126
212 2899 334 2992 Χρόνῳ
358 2903 394 2970 δὲ
418 2902 459 2971 ού
480 2905 629 2994 πολλῷ
612 2905 755 2992 ύστερον
783 2910 838 2974 καλ
853 2904 1005 2993 Ὀροίτην
1017 2917 1131 2981 Πολυ-

72 3018 74 3022 ·
130 2998 268 3084 κράτεος
294 3006 395 3077 τίσιες
425 2978 603 3118 μετήλύόν.
650 3030 732 3089 μετα
761 3001 825 3090 γάρ
850 3002 911 3072 τόν
938 3007 1131 3094 Καμβύσεω

129 3094 281 3162 θάνατον
303 3099 358 3162 καὶ
372 3123 440 3164 των
452 3099 570 3184 μάγων
586 3097 648 3184 τήν
669 3107 847 3187 βασιληίην
867 3105 980 3187 μέυων
1002 3106 1041 3172 ἐν
1054 3115 1132 3198 τήσι

128 3191 274 3278 Σάρδισι
291 3189 436 3280 Ὀροίτης
455 3191 575 3282 τάφέλει
596 3197 658 3282 μὲν
685 3194 786 3266 οὐδὲν
807 3200 977 3288 Πέρσας*
959 3201 1027 3271 υπὸ
1049 3204 1133 3294 Μή·

89 3291 198 3353 (λων
225 3288 516 3377 ἀπαραιρημένους
545 3290 607 3380 τήν
634 3293 757 3384 ἀρχήν,
788 3293 806 3365 6
834 3299 915 3367 δὲ
897 3326 935 3368 εν
957 3302 1064 3394 ταύτῃ
1095 3315 1135 3400 τή

120 3394 249 3479 ταραχῇ
272 3417 358 3460 κατα
347 3387 442 3482 μὲν
466 3398 593 3464 ἔκτεινε
615 3397 881 3484 Μιτροβάτηο
846 3425 908 3467 τον
933 3407 970 3471 ἐκ
992 3414 1127 3477 Δασκυ
