2354 3840
152 197 215 259 τοο
314 188 316 192 ’
528 167 776 258 αοαοοοτι

152 360 239 444 νομά
255 364 290 425 οἵ
307 363 376 427 ἐστι
391 360 512 444 Σιούφ.
543 355 583 425 τά
600 357 662 444 μὲν
687 354 727 442 δῆ
744 363 859 441 πρῶτα
879 356 1070 425 κατώνοντο
1092 353 1150 424 τόν

143 454 284 540 ’Ἀμασιν
298 456 478 542 Αίγύπτιοι
496 454 556 521 καί
579 457 616 520 έν
640 449 779 539 οὐδεμιῇ
797 458 898 541 μοίρη
916 451 1046 540 μεγάλη
1058 446 1152 538 ἦγον

151 549 208 619 άτε
223 551 262 638 δῆ
280 551 427 638 δημότην
441 547 478 617 τδ
494 551 573 635 πρὶν
587 549 751 619 έόνταααί
763 554 868 635 οίκάης
881 548 944 616 οὐκ
960 550 1149 634 ἐπιφανέος,

149 649 230 734 μετά
242 650 278 717 δὲ
290 656 390 735 σοφίη
405 643 528 724 αύτούς
542 643 718 732 δ’Ἁμασις,
734 643 796 715 ούκ
807 643 1150 740 άγνυιμοσύνηπροσ-

23 764 27 769 ’
148 746 299 831 ηγάγετο.
328 738 372 831 ῆν
386 749 420 811 οί
437 742 521 812 άλλα
541 769 577 811 τε
591 740 704 828 άγαθά
722 746 903 829 μυρία,’,έν
920 742 1149 813 δέκαὶποδα-

149 840 269 928 νιπυῆρ
284 842 440 926 χρύσεος,
461 844 500 908 έν
513 847 559 930 τῷ
574 837 675 918 αύτός
688 839 903 926 τεὸἌμασις
917 844 972 909 καὶ
987 845 1149 917 οίςδαιτυ-

148 942 248 1029 μόυες
260 947 294 1009 οί
301 940 422 1017 πάντες
431 937 512 1018 τοὺς
522 939 627 1018 πόδας
638 939 792 1013 ἑκάστοτε
803 938 1013 1021 ἀπενίζοντο·
1030 946 1149 1011 τοῦτον

149 1039 221 1108 κατ’
245 1032 294 1107 τόν
314 1039 425 1120 κόρας
448 1037 580 1124 άγαλμα
601 1041 758 1123 δαίμονος
778 1041 811 1116 έξ
834 1037 939 1114 αὐτοῦ
959 1038 1148 1124 ἐποιήσατο,

148 1140 203 1204 καί
223 1139 340 1222 ἵδρυσε
359 1141 417 1222 τῆς
438 1135 553 1213 πόλιος
576 1133 660 1203 όιιου
678 1127 724 1220 -ἧυ
744 1132 1022 1220 ἐπιτηδειότατον·
1056 1139 1091 1202 οί
1114 1136 1148 1200 δὲ

149 1234 326 1319 Ανγύπτιοι
341 1237 529 1318 φοιτέοντες
543 1229 626 1314 πρός
640 1229 795 1316 τάγαλμα
806 1233 965 1318 ,ἐσέβοντο
975 1231 1149 1317 μεγάλως·

99 1381 107 1388 .
148 1327 270 1415 μαθών
284 1330 320 1396 δέ
335 1326 498 1413 δ”Αμασις
510 1327 548 1396 τὰ
564 1333 601 1396 ἐκ
617 1335 685 1397 τῶν
700 1326 812 1403 άστοίν
823 1329 1046 1414 ποιεύμενον,
1064 1347 1148 1412 συγ-

147 1430 287 1505 καλέσας
301 1434 505 1512 Αίγυπτίους
526 1429 665 1513 ἐξέφηνε
680 1424 746 1512 φάς
769 1430 805 1494 ἐκ
821 1433 883 1495 τοῦ
902 1430 1148 1512 ποδανιπτῆρος

147 1525 302 1610 τῶγαλμα
321 1527 513 1610 γεγονέναι,
536 1527 569 1602 ές
586 1523 647 1591 τόν
665 1524 833 1612 πρότερον
855 1525 917 1609 μὲν
940 1519 1020 1602 τούς
1039 1527 1147 1606 Λίγυ-

147 1629 262 1699 πτίους
278 1622 425 1706 ἐνεμέειν
439 1647 474 1688 τε
495 1623 550 1687 καί
569 1622 741 1706 ἐνουρέειν
757 1621 816 1688 καί
835 1618 939 1698 πόδας
957 1620 1147 1698 ἐναπονίζε-

148 1729 246 1804 σθαι,
274 1719 348 1788 τότε
370 1720 407 1785 δέ
427 1718 577 1803 μεγάλως
598 1720 766 1805 σέβεσθαι.
798 1716 861 1803 ἤδη
884 1708 933 1787 ὦν
954 1721 1019 1805 ἔφη
1038 1717 1147 1799 λέγων

147 1819 268 1906 ὁμοίως
283 1817 383 1896 αὐτὸς
397 1826 443 1908 τῷ
457 1823 678 1904 ποδανιπτῆρι
693 1818 912 1906 πεπρηγέναι·
936 1811 1045 1903 είγδιρ
1062 1811 1146 1898 πρό-

145 1941 244 2003 τερον
259 1915 343 1984 εἶναι
358 1915 517 2002 δημότης,
540 1913 614 1983 ἀλλ’
634 1918 670 1982 ἐν
689 1921 735 2004 τῷ
753 1913 912 1997 παρεόντι
927 1910 1018 1990 ,εἶναι
1033 1906 1144 1983 αὐτῶν

144 2012 310 2100 ’βασιλεύς
335 2017 390 2080 καί
409 2019 508 2098 τιμάν
528 2038 564 2080 τε
583 2015 638 2078 καί
658 2013 913 2096 προμηθέεσθαι
928 2011 1057 2075 ἑαυτοῦ
1074 2007 1144 2073 ἐκέ-

144 2120 229 2178 λευε.
252 2109 392 2198 τοιούτῳ
408 2112 470 2194 μὲν
483 2109 596 2199 τρόπῳ
607 2108 839 2195 προσηγάγετο
850 2104 930 2185 τούς
940 2111 1143 2192 Αἰγυπτίους

86 2225 133 2281 173
144 2205 227 2272 ὥστε
249 2208 403 2271 δικαιοῦν
423 2204 606 2273 δουλεύειν.
648 2203 781 2291 Ἐχράτο
807 2207 843 2271 δέ
864 2202 1045 2275 καταστάσι
1058 2225 1142 2286 πρη-

140 2300 277 2389 γμάτων
290 2306 418 2390 τοιῆδε·
449 2301 486 2370 τό
504 2304 566 2388 μὲν
587 2301 731 2390 ὄρθριον
751 2307 845 2390 μέχρι
863 2301 940 2385 ὅτευ
959 2300 1141 2388 ,πληθύρης

142 2400 265 2487 ἀγορῆς
276 2400 462 2487 προθύμως
473 2408 616 2490 ἔπρησσε
630 2401 670 2472 τά
682 2402 941 2491 προσφερόμενα
953 2402 1139 2491 πρήγματα,

142 2497 179 2567 τὰ
196 2501 231 2567 δὲ
247 2497 312 2567 άπό
328 2501 451 2569 τούτου
466 2503 561 2570 ἔπινέ
572 2528 608 2570 τε
623 2507 678 2569 καί
694 2504 903 2570 κατέσκωπτε
914 2497 997 2578 τούς
1012 2497 1140 2586 συμπό-

141 2625 198 2674 τας
212 2599 267 2664 καί
283 2589 327 2682 ἦν
342 2597 481 2683 μάταιός
497 2602 603 2667 τεκαὶ
616 2598 837 2685 παιγνιήμων.
865 2594 1091 2684 ἀχθεσθέντες
1107 2594 1139 2661 δὲ

140 2693 287 2760 τούτοισι
300 2698 334 2760 οί
345 2700 436 2778 φίλοι
448 2693 553 2762 αὐτοῦ
568 2697 768 2764 ἐνουθέτεον
782 2689 887 2761 αύτδν
901 2692 1014 2761 τοιάδε
1023 2694 1140 2778 λέγον·

140 2815 209 2867 τες·
238 2783 276 2856 Ὠ
297 2798 453 2876 βασιλεύ,
477 2790 539 2860 ούιι
560 2791 674 2879 ὀρθῶς
699 2797 847 2860 σεοιντού
866 2791 1088 2878 προέστηκας,
1110 2791 1140 2866 ές

139 2886 177 2957 τό
195 2886 282 2974 άγαν
308 2894 441 2972 φαῦλον
465 2889 626 2976 προάγων
652 2889 818 2959 σεωυτόν·
849 2891 887 2956 σέ
910 2885 975 2974 γάρ
997 2893 1083 2975 γρῆυ
1104 2887 1139 2954 έν

139 2985 256 3076 θρόνῳ
272 2990 383 3075 σεμνῷ
397 2984 521 3071 σεμνόν
535 2988 710 3055 θωκέοντα
724 2983 769 3054 δι’
786 2983 909 3073 ἡμέρης
923 2983 1088 3074 πρήσσειν
1101 2980 1137 3050 τά

139 3083 323 3170 πρήγματα.
339 3088 396 3151 καί
410 3082 497 3151 οὕτω
510 3086 692 3170 Αίγύπτιοί
702 3080 732 3152 τ’
749 3080 792 3150 άν
808 3079 1002 3169 ἠπιστέατο,
1021 3077 1066 3160 ὡς
1079 3077 1135 3149 ὑπ’

138 3177 261 3265 ἀνδρὸς
278 3179 427 3264 μεγάλου
448 3179 622 3268 άρχονται,
646 3185 700 3249 καὶ
719 3179 860 3266 άμεινον
880 3177 923 3246 σύ
945 3175 989 3247 άν
1003 3178 1136 3267 ἤκουες·

138 3282 203 3341 νῦν
227 3276 262 3340 δὲ
283 3278 404 3353 ποιέεις
422 3274 576 3363 οὐδαμῶς
589 3279 753 3366 βασιλικά.
792 3277 829 3346 ‘0
851 3276 883 3344 δ’
900 3274 1053 3365 ἀμείβετο
1070 3302 1138 3346 τοι·

54 3458 66 3473 ι
138 3377 208 3440 σίδε
224 3369 362 3448 αύτούς·
398 3371 447 3440 Τά
462 3373 540 3453 τόξα
555 3380 590 3443 οί
603 3378 814 3464 κεκτημένοι,
838 3373 940 3442 ἐπεάν
953 3377 1016 3460 μέν
1034 3375 1136 3442 δέων-ι
