2354 3840
311 205 397 262 ιιε.
429 205 472 259 111.
507 204 605 262 ολο.
641 206 812 264 ιον-ιιι.
996 191 1060 257 269

58 366 164 446 μένου
180 356 285 428 αὐτοῦ
300 357 361 447 τὴν
376 359 482 447 γονήν
496 356 516 446 ἡ
531 359 639 447 θήλεα
651 356 787 425 ἅπτεται
801 365 859 445 τῆς
869 364 991 447 δειρῆς,
1007 363 1060 428 καὶ

59 465 194 547 ἐμφῦσα
208 455 270 528 οὐκ
291 455 394 544 ἀνίει,
416 462 496 546 πρὶν
517 453 562 525 ἀν
585 457 743 546 διαφάγῃ.
779 454 797 525 ὁ
819 457 881 544 μὲν
902 455 943 544 δὴ
959 465 1061 546 ἔρσην

26 633 29 638 ,
60 556 270 644 ἀποθνήσκει
301 558 413 648 τρόπῳ
440 563 486 647 τῷ
514 558 692 647 είρημένφ,
723 553 744 643 ή
773 556 810 624 δὲ
840 555 949 643 θήλεα
973 564 1061 624 τίσιν

60 655 194 743 τοιήνδε
206 652 356 722 ἀποτίνει
371 662 416 745 τῷ
432 660 559 740 ἔρσενι·
581 660 626 744 τῷ
640 655 735 739 γονέι·
743 656 946 741 τιμωρέοντα
963 661 1009 724 έτι
1025 658 1061 722 έν

61 764 99 846 τῇ
115 756 233 842 γαστρί
253 753 351 823 ἐόντα
367 750 408 822 τά
425 757 524 821 τέκνα
540 757 680 822 διεσθίει
700 750 762 839 τήν
775 754 916 841 μητέρα,
938 758 1061 840 διαφα-

60 854 165 941 γόντα
186 852 222 921 δὲ
242 849 304 940 τήν
325 848 435 937 νηδὺν
452 848 554 937 αὐτῆς
571 849 660 919 οὕτω
676 848 738 938 τήν
752 856 890 920 ἔκδυσιν
904 856 1058 922 ποιέεται.

60 957 94 1020 οί
113 951 150 1020 δὲ
166 949 261 1020 ἀλλοι
286 949 381 1036 ὄφιες
398 949 509 1028 ἐόντες
530 946 725 1036 ἀνθρώπων
746 947 788 1016 οά
811 949 995 1039 δηλήμονες
1012 959 1062 1020 τί·

60 1053 180 1118 κτουσί
208 1073 244 1117 τε
267 1045 322 1139 .ᾦά
356 1050 411 1117 καὶ
443 1050 619 1117 ἐκλέπουσι
648 1048 776 1115 πολλόν
804 1075 834 1116 τι
858 1056 967 1135 χρῆμα
994 1056 1061 1117 τῶν

61 1149 197 1214 τέκνων.
220 1150 258 1213 αί
265 1146 328 1230 μὲν
339 1145 382 1232 δή
393 1171 459 1212 νυν
469 1148 595 1230 ἔχιδναι
611 1141 694 1212 κατά
706 1152 818 1213 πᾶσαν
831 1145 893 1232 τήν
906 1156 971 1234 γῆν
988 1150 1059 1233 είσλ,

60 1248 94 1312 οί
112 1246 150 1311 δὲ
166 1240 348 1330 ὑπόπτεροι
371 1243 480 1320 ἐόντες
500 1239 623 1327 ἀθρόοι
649 1245 711 1311 είσί
732 1245 769 1310 έν
789 1251 830 1332 τῃ
851 1242 985 1334 Ἀραβίῃ
1006 1248 1061 1312 καὶ
1093 1273 1095 1278 ·

60 1338 191 1428 οὐδαμῇ
207 1338 306 1430 ἀλλῃ·
329 1338 411 1411 κατά
427 1346 526 1408 τοῦτο
544 1342 698 1409 δοκέουσι
714 1345 831 1411 πολλοί
846 1341 938 1410 εἶναι.

147 1437 215 1507 Τόν
229 1438 291 1526 μὲν
308 1437 348 1525 δή
365 1435 553 1525 λιβανωτόν
570 1444 690 1505 τοῦτον
705 1437 793 1506 οὕτω
803 1437 952 1505 κτέονται
961 1437 1059 1522 Ἀρά-
1077 1469 1127 1521 llo

60 1547 143 1626 βιοι,
167 1536 228 1626 τήν
243 1540 279 1607 δὲ
293 1546 413 1624 κασίην
428 1531 510 1606 ἀδε·
532 1535 634 1606 έπεάν
649 1539 899 1626 καταδήσωνται
914 1541 1058 1628 βύρσῃσι

59 1639 114 1707 καὶ
125 1638 263 1722 δέρμασι
275 1634 403 1705 ἀλλοισι
414 1643 482 1704 πᾶν
492 1634 529 1704 τό
542 1643 636 1720 σῶμα
650 1640 705 1704 καὶ
715 1634 752 1704 τό
763 1636 955 1722 πρόσωπον,
971 1637 1059 1724 πλὴν

60 1733 253 1821 αὐτῶντῶν
274 1731 478 1820 ὀφθαλμῶν,
501 1740 651 1819 ἔρχονται
673 1737 725 1802 ἐπὶ
746 1733 807 1822 τήν
823 1744 959 1822 κασίην·
980 1733 1001 1823 ἡ
1023 1733 1060 1804 δέ

59 1838 96 1901 έν
111 1839 212 1920 λίμνῃ
227 1832 348 1919 φύεται
364 1830 404 1899 οὐ
425 1835 550 1920 βαθέῃ,
572 1833 647 1913 περὶ
665 1833 701 1898 δὲ
721 1831 827 1919 αὐτὴν
842 1836 896 1900 καί
915 1836 952 1900 έν
975 1828 1059 1921 αάτῃ

58 1933 226 2014 αὐλίζεταί
233 1959 296 2002 κου
310 1939 415 2019 θηρία
429 1929 595 2017 πτερωτὰ,
605 1938 679 2020 τῇσι
695 1939 863 2018 νυκτερίσι
878 1937 1057 2018 προσίκελα

58 2031 218 2117 μάλιστα,
240 2031 295 2098 καί
309 2030 435 2114 τέτριγε
450 2025 581 2114 δεινόν,
603 2030 658 2097 καί
676 2031 708 2106 ές
724 2025 831 2115 ἀλκήν
852 2026 990 2115 ἀλκιμα,
1016 2024 1057 2096 τά

58 2134 111 2196 δεῖ
126 2126 406 2213 ἀπαμυνομένους
428 2123 492 2192 ἀπό
515 2131 583 2193 τῶν
603 2122 792 2211 ὀφθαλμῶν
813 2125 902 2194 οὕτω
924 2127 1059 2213 δρέπειν

58 2223 119 2311 τήν
143 2229 270 2310 κασίην.
318 2220 363 2290 Τό
387 2225 423 2290 δὲ
444 2220 485 2309 δή
507 2223 724 2310 κιννάμωμον
745 2229 794 2292 ἔτι
814 2226 943 2292 τούτων
982 2229 1122 2291 &tu-111

57 2322 263 2408 μαστότερον
277 2323 493 2406 συλλέγουσι·
515 2317 599 2388 ὅκου
615 2320 678 2406 μὲν
691 2319 756 2407 γάρ
773 2327 899 2406 γίνεται
916 2323 972 2389 καί
986 2316 1061 2408 ἥτις

57 2447 117 2505 μιν
133 2427 175 2506 γῆ
196 2417 403 2506 ήτρέφουσά
426 2419 510 2502 ἐστι,
533 2414 596 2485 οόκ
617 2423 730 2503 έχουσι
752 2425 874 2504 εἰπεῖν,
898 2415 986 2504 πλὴν
1007 2412 1061 2485 ὅτι

59 2517 147 2607 λόγῳ
156 2511 219 2585 οάκ
232 2517 336 2588 οίκότι
341 2516 515 2606 χρεόμενοι
528 2516 565 2583 έν
578 2519 702 2583 τοιοίδε
714 2517 869 2601 χωρίοισί
878 2518 964 2600 φασί
974 2535 1062 2592 τινες

25 2686 30 2692 ,
57 2614 140 2685 αὐτό
163 2615 329 2701 φύεσθαι,
351 2616 388 2680 έν
409 2626 494 2680 τοῖσι
514 2610 532 2679 ὁ
554 2614 724 2690 Διόνυσος
745 2613 881 2698 ἐτράφη.
917 2610 1061 2696 ὄρνιθας

57 2714 93 2782 δὲ
109 2714 245 2799 λέγουσι
259 2712 405 2799 μεγάλας
420 2716 558 2799 φορέειν
572 2717 675 2780 ταῦτα
690 2707 730 2777 τά
745 2710 894 2796 κάρφεα,
910 2705 950 2776 τά
965 2704 1061 2796 ἡμεῖς
1119 2712 1121 2717 ’

55 2811 123 2881 ἀπὸ
136 2819 306 2880 Φοινίκων
316 2810 483 2899 μαθόντες
495 2809 713 2896 κιννάμωμον
728 2812 906 2894 καλέομεν,
922 2807 1061 2895 φορέειν

56 2914 92 2980 δὲ
111 2909 169 2989 τάς
184 2908 326 2995 ὄρνιθας
341 2913 373 2988 ές
390 2906 544 2989 νεοσσιάς
565 2910 883 2996 προσπεπλασμένας
898 2910 934 2974 ἐκ
948 2908 1060 2992 πηλοῦ

54 3007 141 3095 πρός
155 3005 400 3094 ἀποκρήμνοισι
422 3003 553 3092 οὔρεσι,
576 3011 662 3074 ἔνθα
678 3005 865 3091 πρόσβασιν
886 3001 1060 3094 ἀνθρώπῳ

56 3105 218 3193 οὐδεμίαν
233 3105 326 3175 εἶναι.
349 3102 432 3194 πρός
447 3097 496 3172 όν
507 3102 548 3192 δή
559 3111 663 3172 ταῦτα
680 3099 759 3179 τούς
770 3098 944 3189 Ἀραβίους
958 3104 1060 3189 σοφί·

55 3211 171 3286 ζεσθαι
187 3203 281 3288 τάδε,
304 3210 395 3292 βοῶν
412 3229 448 3271 τε
468 3205 522 3272 καὶ
538 3201 629 3271 όνων
650 3206 717 3267 τάν
734 3195 988 3286 ἀπογινομένων
1003 3196 1060 3270 καί

55 3309 123 3370 τῶν
137 3299 250 3371 ἀλλων
266 3299 457 3387 ὑποζυγίων
471 3299 511 3368 τά
523 3303 623 3386 μέλεα
635 3297 854 3383 διαταμόντας
866 3295 911 3376 ἀς
921 3305 1060 3385 μέγιστοι

55 3405 202 3483 κομίζειν
219 3401 250 3477 ές
262 3407 364 3466 ταῦτα
376 3397 415 3466 τὰ
427 3405 548 3483 χωρία,
564 3404 623 3466 καί
635 3418 721 3481 σφεα
737 3398 859 3473 θέντας
874 3391 979 3480 ἀγχοῦ
990 3398 1059 3464 τεόν
