2354 3840
214 198 221 209 ·
325 200 411 255 ιιι.
444 200 476 254 11.
511 198 610 255 σοι.
644 205 733 259 3ο-
743 207 786 262 36.
1014 203 1077 267 ιεε

63 357 98 435 ές
113 353 280 445 Σινώπην
303 353 367 444 τὴν
382 357 419 423 έν
441 381 488 446 τῳ
474 351 653 448 Εὐξείνῳ
675 358 788 450 πόντῳ
809 361 908 430 πέντε
926 349 1079 452 ἡμερέων

63 455 145 524 ἰθέα
161 448 242 534 δδδς
256 451 390 545 εὐζώνῳ
404 449 524 540 ἀνδρί·
545 479 568 540 η
555 449 620 523 ‘66
634 456 777 543 Σινώπη
797 464 843 548 τῷ
855 456 973 550 Ἴστρῳ
988 461 1078 529 έιιδι-

65 555 162 620 δοντι
176 552 210 631 ές
222 551 401 623 θάλασσαν
416 548 533 620 ἀντίον
550 556 668 622 κέεται.
699 552 789 622 οὕτω
803 552 864 623 τόν
877 564 1004 627 Νείλου
1019 559 1078 624 δο·

64 651 132 719 κέω
161 646 219 718 διά
243 649 352 736 πάσης
375 657 434 737 τῆς
463 651 593 739 Λιβύης
617 652 785 732 διεξιόντα
808 656 1004 734 ἐξισοῦσθαι
1031 661 1077 743 τώ

57 746 185 838 Ἴστρῳ.
229 755 357 818 Νείλου
371 751 434 835 μέν
448 774 514 816 νυν
531 752 608 837 πέρι
621 756 767 818 τοσαῦτα
781 751 938 838 εἰρήσθω.

140 845 364 917 ἝΡΧΟΜΑΙ
376 848 412 916 66
423 848 687 934 περίΑίγόπτου
697 851 877 935 μηκυνέων
888 846 948 916 τόν
959 849 1074 937 λόγον,
1091 863 1126 918 86

66 945 134 1031 ὅτι,
156 947 247 1016 πλέω
280 945 437 1035 θωμάσια
471 954 537 1034 ἔχει
557 943 580 1034 ἦ
600 946 685 1034 άλλη
711 954 802 1016 πάσα
817 949 908 1035 χώρη
928 953 984 1019 καὶ
998 956 1079 1038 ἔργα

66 1045 174 1132 λόγου
192 1044 278 1131 μέζω
293 1049 470 1133 παρέχεται
490 1042 575 1133 πρὸς
592 1052 705 1113 τασαν
729 1045 859 1134 χώρην·
881 1047 1013 1115 τούτων
1030 1053 1079 1117 εἴ·

66 1167 168 1210 νεκεν
190 1144 281 1211 πλέω
301 1145 378 1230 περὶ
400 1141 502 1230 αὐτῆς
528 1142 702 1230 είρήσεται.
747 1144 972 1229 Αίγιίιιτιοι“
950 1172 1018 1234 αμα
1032 1172 1079 1264 τῳ

66 1237 258 1366 οὐρανῷ
225 1248 272 1307 τώ
296 1239 380 1310 κατά
405 1245 510 1328 σφέας
531 1242 622 1310 έόντι
648 1244 782 1332 ἑτεροίῳ
803 1245 859 1311 καί
878 1269 925 1335 τῳ
942 1267 1078 1362 ποταμῳ

67 1337 177 1428 φώσιν
187 1335 327 1428 ἀλλοίην
339 1337 587 1432 καρεχομένῳῆ
600 1343 635 1407 oc
642 1337 738 1408 ἄλλοι
752 1343 904 1427 ποταμοί,
920 1367 960 1409 τοι
949 1338 1078 1410 πολλὰ

66 1441 180 1511 πάντα
205 1446 348 1528 ἔμπαλιν
376 1455 462 1509 τοῖσι
494 1437 624 1508 ἀλλοισι
653 1436 867 1524 ἀνθρώποισι
898 1439 1078 1529 ἐστήσαντο

68 1537 157 1628 ἤθεά
170 1565 206 1608 τε
216 1539 325 1608 καὶ’
282 1565 426 1627 νομους,
444 1540 483 1606 έν
492 1550 579 1606 τοῖσι
590 1541 628 1605 αί
636 1538 699 1623 μὲν
709 1551 867 1625 γυναῖκες
879 1535 1080 1625 ἀγοράζουσι

70 1642 126 1710 καί
138 1637 386 1726 καπηλεύουσι,
401 1641 437 1705 oc
449 1635 486 1704 66
500 1633 623 1722 ἀνδρες
633 1631 707 1703 κατ’
725 1645 839 1716 οίκους
854 1637 965 1717 έόντες
976 1634 1080 1723 ὑφαί-

69 1754 186 1805 νουσι·
217 1733 405 1822 ὑφαίνουσι
430 1733 467 1803 66
494 1739 529 1803 οἱ
550 1733 613 1821 μέν
641 1731 737 1802 ἄλλοι
763 1732 835 1802 ἀνω
862 1734 926 1823 τὴν
951 1737 1081 1824 κρόκην

71 1832 254 1922 ώθέοντες,
274 1835 454 1921 Αίγύπτιοι
472 1837 509 1902 66
528 1833 629 1902 κάτω.
653 1829 693 1899 τά
712 1829 818 1918 άχθεα
835 1837 871 1901 oc
882 1839 945 1920 μέν
960 1833 1081 1923 ἄνδρες

70 1938 125 2006 ἐπὶ
144 1940 214 2003 τών
234 1937 410 2022 κεφαλέων
433 1936 614 2021 φορέουσι,
643 1936 680 2000 ac
699 1933 736 1999 66
758 1947 916 2018 γυναῖκες
936 1936 990 2003 έπδ
1012 1941 1080 2002 τών

70 2029 182 2120 ὄμοιν.
207 2029 366 2119 οάρέονσι
390 2037 427 2101 ac
446 2037 508 2119 μέν
523 2043 683 2117 γυναῖκες
701 2026 819 2118 ὀρθαί,
840 2036 874 2100 ολ
899 2034 935 2099 δέ
961 2029 1082 2120 ἄνδρες

68 2130 260 2219 κατήμενοι.
285 2126 445 2219 εὐμαρείη
458 2135 612 2217 χρέονται
626 2131 664 2196 έν
678 2143 764 2197 τοῖσι
779 2138 911 2218 οίκοισι,
928 2132 1082 2199 ἐσθίουσι

70 2230 107 2298 66
126 2231 191 2310 λξω
212 2229 250 2296 έν
265 2235 341 2316 τῇσι
361 2226 488 2316 ὁδοῖσι,
510 2231 736 2315 ἐπιλέγοντες,
760 2225 805 2308 ώς
826 2226 867 2296 τά
884 2231 947 2316 μέν
963 2227 1081 2321 αἰσχρά

70 2324 237 2413 ἀναγκαία
258 2327 295 2396 66
319 2329 356 2396 έν
382 2324 572 2418 ἀποκρύφῳ
596 2327 665 2395 έστὶ
686 2327 814 2395 ποιέειν
833 2325 959 2415 χρεών,
980 2326 1021 2397 τά
1046 2332 1082 2397 66

69 2424 115 2515 μοὶ
139 2423 259 2513 αίσηρά
279 2423 491 2514 ἀναφανδόν.
524 2432 637 2515 ἱρᾶται
657 2423 745 2513 γυνη
763 2427 826 2512 μέν
847 2423 987 2514 οὐδεμία
1003 2425 1082 2495 οὔτε

69 2533 209 2613 έρσευος
227 2532 315 2595 θεοῦ
335 2525 415 2596 οὔτε
436 2531 580 2615 θηλέης,
609 2524 732 2612 ἄνδρες
752 2527 789 2594 δὲ
808 2526 947 2594 πάντων
970 2553 1006 2593 τε
1026 2526 1082 2594 καὶ

68 2625 215 2693 πασέων.
248 2628 386 2713 τρέφειν
401 2623 483 2704 τοδς
502 2627 619 2703 τοκέας
633 2638 720 2693 τοῖσι
744 2623 807 2711 μὲν
822 2628 917 2695 παισὶ
941 2621 1082 2712 οὐδεμία

68 2720 204 2808 ἀνάγκη
216 2718 262 2810 μὴ
277 2726 533 2811 βουλομένοισι,
545 2729 621 2815 τῇσι
638 2723 675 2792 δέ
684 2725 877 2815 θυγατράσι
892 2733 982 2795 πᾶσα
997 2724 1080 2796 ἀνά-

68 2851 135 2912 γκη
150 2824 208 2892 καί
230 2821 275 2912 μη
292 2828 527 2915 βονλομένησι.
575 2829 620 2893 Οί
642 2825 728 2911 ίρέες
752 2832 820 2894 τών
840 2833 935 2895 θεών
954 2834 994 2915 τῇ
1018 2828 1079 2913 μὲν
1095 2843 1130 2898 36

68 2925 156 3014 άλλη
172 2925 349 3012 κομέουσι,
364 2928 402 2993 έν
411 2925 575 3015 Αἰγύπτῳ
590 2925 627 2993 66
643 2927 829 3012 ξνρέονιαι.
852 2940 938 2994 τοῖσι
953 2923 1083 2994 ἄλλοισι

69 3021 287 3112 ἀνθρώποισι
312 3022 418 3111 νόμος
443 3021 513 3110 ἅμα
536 3023 634 3111 κη’δει·
656 3023 822 3108 κεκάρθαι
847 3020 907 3102 τὰς
934 3019 1082 3108 κεφαλάς

68 3120 151 3202 τοδς
171 3120 315 3210 μάλιστα
336 3124 499 3210 ἱκνέεται,
517 3121 699 3209 Αίγύπτιοι
720 3121 757 3189 δὲ
741 3116 847 3189 ὲὺπό
868 3116 948 3199 τούς
970 3119 1083 3189 θοινά-

68 3248 151 3302 τονς
171 3217 295 3291 ἀνιείσι
312 3217 372 3300 τὰς
390 3226 505 3310 τρίχας
525 3218 690 3300 αὔξεσθαι
709 3218 770 3296 τάς
785 3243 822 3286 τε
838 3220 877 3287 έν
897 3244 937 3308 τη
922 3225 1083 3306 κεφαλῇ

68 3323 128 3392 καί
140 3344 189 3439 τῳ
173 3325 339 3412 ’μενείῳ,
361 3321 442 3398 τέως
457 3321 662 3439 ἐξυρημένοι.
693 3332 779 3385 τοῖσι
795 3315 897 3403 μὲν
874 3313 1040 3386 αλλοισι’
1020 3342 1083 3383 αν-

68 3414 243 3508 θρώποισι
253 3416 353 3505 χωρὶς
363 3414 528 3504 θηρίωνη
540 3419 650 3484 δίαιτα
663 3411 895 3502 ἀποκέκριται,
917 3416 1082 3498 Αίγνπτί
