2354 3840
317 223 401 280 ΗΒ.
433 223 477 278 111.
511 220 609 279 οΑΡ.
641 229 733 281 155—
756 227 815 282 ιοο.
1007 217 1069 281 293

64 386 101 449 έν
116 380 257 467 στόμασι
272 383 447 456 αἰνέοντες.
483 374 500 445 ὁ
518 380 555 444 δλ
570 369 665 455 αάτις
680 376 844 447 διαλιπάν
858 381 918 458 τάς
932 400 1069 468 συγκει-

64 484 166 569 μένας
181 476 307 566 ἡμέρας
327 477 466 564 ἐξήγαγε
487 477 520 553 ές
540 473 577 541 τό
602 480 847 564 προειρημένον
863 481 919 546 καλ
935 485 1068 545 κυκλω-

64 578 209 665 σάμενος
228 576 456 662 κατεφόνευσε
476 570 555 651 τοὺς
574 582 864 661 τετρακισχιλίους.
895 573 939 655 ὡς
959 576 995 642 δὲ
1013 577 1068 642 καλ

63 687 162 749 τοῦτο
177 683 397 765 κατέργαστο,
421 674 531 741 πάντα
545 667 629 759 δὴ
606 701 651 761 ην
667 678 704 742 έν
720 689 805 743 τοῖσι
824 682 1068 762 Βαβυλωνίοισι

64 776 244 862 Ζώπυρος,
266 776 321 841 καλ
336 770 540 857 στρατάρχης
554 796 589 839 τε
607 764 706 851 οὗτός
723 793 784 858 σφι
798 778 853 842 καλ
867 774 1066 862 τειχοφύλαξ

64 872 272 942 ἀπεδέδεκτο.
316 866 575 986 Προσβολήνβὲ
595 877 745 952 Δαρείου
766 869 849 937 κατά
870 868 910 939 τά
932 877 1067 956 συηκεί-
1088 880 1135 935 ¹58

63 996 148 1057 μενα
169 968 372 1054 ποιευμένου
396 968 488 1046 πέριξ
510 962 547 1030 τὰ
571 980 691 1052 τεῖχος,
714 969 864 1035 ἐνθαῦτα
891 967 931 1055 δὴ
956 968 1067 1036 πάντα

63 1067 122 1138 τὸν
138 1064 273 1136 δόλονό
290 1064 452 1147 Ζώπυρος
467 1066 627 1148 ἐξέφαινε.
652 1069 685 1132 οἱ
698 1067 760 1151 μὲν
775 1065 840 1152 γάρ
852 1067 1065 1155 Βαβυλώνιοι

63 1165 249 1253 ἀναβάντες
271 1167 323 1232 ἐπὶ
342 1161 379 1230 τὸ
402 1175 506 1245 τεῖχος
525 1157 695 1246 ἠμύνοντο
716 1160 779 1248 τὴν
792 1172 942 1247 Δαρείου
964 1182 1066 1247 στρα-

63 1263 138 1352 τιὴν
152 1262 448 1350 προσβάλλουσαν,
471 1256 541 1326 ὁδε
557 1260 720 1344 Ζοίπυρος
737 1262 795 1340 τάς
811 1288 846 1328 τε
857 1269 996 1338 Κισσίας
1010 1264 1065 1328 καλ

63 1366 207 1446 Βηλίδας
220 1360 424 1443 καλεομένας
435 1357 543 1434 πύλας
554 1353 764 1434 ἀναπετάσας
778 1361 874 1442 ἐσῆκε
885 1355 964 1436 τούς
974 1358 1065 1440 Πέρ-

62 1484 123 1542 σας
141 1463 173 1538 ές
189 1456 226 1526 τὸ
247 1472 359 1542 τεῖχος.
393 1463 461 1522 τῶν
482 1458 518 1522 δὲ
532 1461 761 1541 Βαβυλωνίων
781 1463 817 1523 οἳ
834 1455 896 1541 μέν
919 1454 1009 1523 είδον
1025 1452 1063 1521 τό

60 1561 218 1644 ποιηθέν,
236 1548 330 1623 οὗτοι
342 1561 487 1640 ἔφευγον
503 1555 536 1629 ἐς
551 1558 611 1618 τοῦ
623 1550 707 1630 Διὸς
721 1559 783 1621 τοῦ
793 1553 907 1640 Βήλου
924 1551 961 1621 τὰ
976 1551 1063 1637 ίρόν,

61 1664 97 1726 οἳ
109 1656 147 1723 δὲ
163 1651 226 1722 οάκ
241 1651 348 1738 εἶδον,
372 1657 493 1737 ἔμενον
514 1652 550 1717 ἐν
564 1656 605 1737 τῇ
620 1653 748 1717 ἑωυτοῦ
761 1652 834 1731 τάξι
851 1655 1004 1738 ἕκαστος,
1031 1653 1064 1727 ἐς

59 1749 138 1838 ὃδὴ
156 1754 211 1820 καλ
224 1742 317 1818 οὗτοι
331 1756 460 1835 ἔμαθον
471 1750 720 1834 προδεδομένοι.
747 1746 915 1835 Βαβυλών
925 1750 1063 1833 μέννυν
1081 1763 1132 1817 159

61 1850 152 1920 οὕτω
166 1846 203 1917 τά
222 1848 380 1934 δεύτερον
398 1847 535 1932 αἱρέθη,
558 1857 702 1930 Δαρεῖος
717 1844 753 1912 δὲ
768 1849 843 1913 έπεί
853 1871 888 1911 τε
902 1842 1062 1930 ἐκράτησε

59 1959 130 2021 τῶν
145 1953 389 2035 Βαβυλωνίων,
411 1951 510 2012 τοῦτο
531 1945 594 2028 μέν
610 1962 725 2027 σφεων
741 1940 778 2010 τὸ
794 1956 899 2028 τεῖχος
920 1950 1064 2027 περιεῖλε

58 2051 117 2119 καὶ
130 2045 188 2125 τάς
201 2045 310 2122 πάλας
330 2045 439 2120 πάσας
459 2040 628 2109 ἀπέσπασε
649 2038 701 2129 (τό
716 2039 781 2127 γὰρ
797 2040 963 2127 πρότερον
978 2037 1064 2105 ἑλών

59 2152 175 2233 Κῦρος
187 2142 249 2232 τὴν
258 2148 447 2229 Βαβυλῶνα
459 2142 592 2224 ἐποίησε
602 2140 732 2207 τούτων
744 2137 949 2224 οὐδέτερον),
964 2143 1064 2204 τοῦτο

60 2241 127 2314 δὲ’
112 2269 131 2312 ο
146 2255 291 2329 Δαρεῖος
306 2246 375 2306 τῶν
395 2235 532 2320 ἀνδρων
552 2262 633 2314 τους
649 2243 857 2324 κορυφαίους
874 2235 1016 2320 μάλιστα
1031 2238 1065 2313 ές

60 2347 261 2432 τρισχιλίους
285 2336 541 2418 ἀνεσκολόπισε,
569 2351 654 2404 τοῖσι
680 2337 716 2404 δὲ
736 2345 880 2403 λοιποῖσι
900 2341 1064 2420 Βαβυλω-

61 2448 163 2510 νίοισι
174 2434 371 2505 απέδωκε
336 2463 397 2524 την
408 2436 509 2504 πολιν
522 2437 650 2501 οἰκέειν.
676 2431 763 2511 ὦςδ’
781 2435 892 2511 ἕξουσι
903 2445 1065 2517 γυναικας

62 2534 344 2623 οίΒαβυλιένιοι,
371 2536 428 2600 ἵνα
446 2552 507 2617 σφι
529 2556 627 2651 γενεη
653 2527 868 2616 ὑπογίνηται,
890 2530 969 2596 τάδε
989 2538 1064 2596 Δα-

61 2649 148 2719 ρεῖος
169 2628 318 2719 προίδων
341 2635 474 2725 ἐποίησε
494 2627 568 2717 (τάς
587 2627 653 2713 γάρ
677 2631 829 2714 ἕωυτων,
851 2625 896 2708 ὡς
913 2630 968 2695 καλ
989 2624 1061 2694 κατ’

60 2728 164 2820 ἀρχὰς
180 2728 379 2817 δεδήλωται,
401 2725 587 2807 ἀπέπνιξαν
601 2731 635 2794 οί
645 2726 876 2815 Βαβυλώνιοι,
893 2735 954 2794 τοῦ
969 2733 1064 2794 σίτου

60 2830 313 2917 προορέοντες)·
343 2827 475 2906 ἐπέταξε
489 2841 575 2894 τοῖσι
595 2832 794 2909 περιοίκοισι
809 2832 924 2894 ἔθνεσι
943 2839 1065 2910 γυναί-

60 2953 122 3007 κας
143 2926 176 3003 ἐς
197 2932 386 3011 Βαβυλῶνα
412 2924 624 3007 κατιστάναι,
653 2919 778 3008 ὁσασδὴ
802 2923 968 2990 ἑκάστοισι
990 2925 1064 2989 έπι-

9 3098 22 3111 ,
59 3024 212 3139 τάσσων,
245 3021 329 3089 ὥστε
360 3024 458 3089 πέντε
483 3022 659 3107 μυριάδων
685 3017 722 3087 τὰ
752 3026 968 3106 κεφαλαίωμα
994 3046 1063 3086 των

9 3120 17 3195 ἵ,
59 3145 235 3208 γυναικων
247 3126 408 3205 συνηλθε.
438 3123 474 3203 έκ
488 3119 618 3186 τούτων
632 3118 669 3184 δὲ
682 3143 750 3184 των
763 3124 936 3202 γυναικῶν
951 3122 1041 3184 οί
996 3144 1063 3184 νυν

8 3220 20 3357 β
58 3215 273 3305 Βαβυλωνιοι
293 3217 460 3304 γεγόνασι.
506 3218 675 3303 Ζωπύρου
701 3216 738 3282 δὲ
765 3212 876 3292 οὐδεὶς
897 3213 1066 3302 ἀγαθοερ-
1082 3234 1132 3288 16⁰

58 3324 139 3404 γίην
153 3318 312 3400 Περσέων
335 3312 560 3402 ὑπερεβάλετο
581 3312 671 3401 παρὰ
692 3320 825 3405 Δαρείῳ
849 3324 963 3436 κριτῇ,
986 3315 1063 3383 οὔτε

59 3422 129 3482 τῶν
152 3411 295 3497 ὕστερον
321 3418 515 3500 γενομένων
538 3410 615 3480 οὔτε
640 3439 707 3479 των
731 3412 914 3499 πρότερον,
943 3441 993 3482 οτι
1017 3438 1130 3626 μγ
