2354 3840
329 194 416 250 ΗΒ.
439 194 484 249 1v.
520 192 616 250 CAP.
652 200 828 256 147-152
1016 184 1079 247 359

69 348 194 436 νήσου,
217 345 353 416 ἀπίκετο
369 350 402 427 ές
417 345 577 434 Δελφοὺς
592 347 685 436 ἀγωυ
707 347 773 419 ἀπὸ
796 359 853 440 τής
869 352 986 429 πόλιος
999 353 1077 420 ένα-

69 446 216 534 τόμβην·
240 448 374 515 εἵποντο
392 448 432 514 σέ
444 450 479 514 oc
496 449 551 514 καὶ
567 445 663 517 ἀλλοι
677 454 746 515 τῶν
765 450 950 533 πολιητέων
965 448 1020 514 καλ
1035 445 1075 533 δή

68 545 125 612 καὶ
138 543 265 623 Βάττος
282 541 300 610 ὁ
316 543 582 631 Πολυμνήστου,
605 541 671 612 έάεν
685 547 783 629 γένος
797 542 995 632 Εὐφημίδης
1008 549 1076 611 τάν

69 643 244 708 Μινυέων.
266 643 436 730 χρωμένῳ
456 636 493 708 δέ
514 647 560 731 τῷ
579 646 691 734 Γρίνρι
712 649 759 733 τῷ
773 645 905 730 βασιλέί
922 649 991 709 τῶν
1006 650 1076 727 Θη-

69 745 177 826 ραίων
192 742 270 824 περὶ
284 739 396 808 ἀλλων
410 745 473 828 χρᾷ
487 735 508 826 ή
524 745 642 827 Πυθίη
655 745 776 820 κτίζειν
790 742 828 807 έν
839 738 950 828 Λιβύη
964 739 1073 808 πόλιν.

69 833 143 905 ὁδί
161 833 315 923 ἀμείβετο
333 838 457 922 λέγων.
480 833 562 920 Ἐγά
578 836 658 922 μὲν,
676 829 783 922 ὦναξ,
798 836 1025 923 πρεσβύτερός
1039 861 1074 902 τε

67 932 131 1021 ήδη
148 936 214 1020 είμί
226 936 281 1003 καί
288 932 395 1021 βαρὺς
405 932 591 1020 ἀείρεσθαι,
600 930 644 1002 σά
651 936 692 1001 δέ
702 959 778 1000 τινα
792 938 898 1002 τοῖνδε
909 942 978 1002 τῶν
988 959 1073 1001 νεω-

68 1036 176 1118 τέρων
193 1036 309 1103 κέλευε
322 1041 427 1102 ταῦτα
450 1036 588 1102 ποιέειν.
635 1031 704 1118 ἀμα
723 1059 759 1100 τε
780 1040 873 1119 έλεγε
891 1041 996 1102 ταῦτα
1019 1033 1072 1099 καὶ

18 1126 20 1139 ’
69 1134 220 1201 ἐδείκνυε
241 1136 274 1212 ές
294 1131 356 1201 τόν
374 1133 513 1202 Βάττον.
567 1133 642 1201 τότε
664 1132 726 1220 μὲν
746 1138 908 1227 τοσαῦτα,
939 1129 1020 1217 μετά
1036 1130 1073 1197 δὲ

68 1229 275 1310 ἀπελθόντες
285 1229 427 1318 ἀλογίην
442 1229 532 1317 είχον
545 1238 606 1298 τοῦ
616 1237 838 1318 χρηστηρίου,
854 1228 1072 1315 οὕτεΛιβιίην

68 1327 193 1406 είθότες
211 1327 296 1396 ὅκου
314 1336 375 1416 γῆς
389 1338 457 1414 είη,
479 1321 759 1415 οάτετολμέοντες
776 1331 808 1407 ές
823 1325 950 1415 ἀφανὲς
964 1332 1072 1412 χρῆμα

66 1422 282 1494 ἀποστέλλειν
307 1423 473 1512 ἀποικίην.
513 1424 614 1494 Ἑπτὰ
630 1428 666 1495 δὲ
680 1430 780 1495 έτέων
793 1423 875 1512 μετά
886 1431 990 1492 ταῦτα
1006 1423 1069 1492 οὐκ
1091 1438 1139 1493 161

66 1514 107 1589 ὗε
118 1521 182 1608 τήν
196 1523 337 1646 Θήρην,
355 1526 392 1592 έν
407 1537 492 1591 τοῖσι
506 1521 547 1591 τά
567 1525 707 1611 δένδρεα
723 1525 834 1593 πάντα
847 1545 909 1612 σφι
923 1521 964 1591 τά
978 1524 1017 1590 έν
1033 1529 1073 1610 τῇ

65 1621 160 1709 νήσῳ
177 1617 302 1707 πλήν’
284 1618 360 1699 τυός
384 1620 566 1708 ἐξαυάνθη
610 1627 822 1741 χρεομένυισι
843 1624 880 1691 δέ
899 1637 986 1691 τοῖσι
1002 1630 1073 1706 Θη-

65 1727 190 1804 ραίοισι
217 1715 426 1805 προέφερε(
409 1745 430 1804 η
455 1725 573 1804 Πυθίη
601 1717 663 1818 τήν
688 1723 721 1798 ές
745 1720 879 1807 Αιβύην
903 1716 1069 1803 ἀποικίην.

64 1819 138 1884 έπεί
149 1841 186 1884 τε
204 1817 240 1884 δὲ
251 1843 358 1885 κακον
344 1812 512 1886 Ηοάθέν
491 1845 535 1904 ην
552 1838 612 1905 σφι
624 1825 741 1906 μῆχος,
756 1822 923 1938 πέμπουσι
937 1814 1072 1903 έςΚρή-

64 1936 127 2000 την
142 1911 312 2036 ἀγγέλους
333 1918 545 2003 διζημένους,
578 1926 612 1985 εί
626 1943 676 1996 τις
697 1908 886 2003 Κρητων”
864 1942 885 2003 η
907 1921 1071 2036 μετοίκιρν

63 2007 248 2098 ἀπιγμένος
273 2023 323 2099 είη
347 2016 381 2093 ές
403 2014 546 2101 Λιβύην.
589 2009 885 2099 περιπλανεόμενοι
904 2015 941 2080 δὲ
964 2009 1070 2098 αὐτὴν

66 2135 160 2180 ουτοι
172 2108 331 2180 ἀπίκοντο
346 2114 402 2180 καλ
427 2111 476 2191 ές’
475 2111 601 2180 Ἰτανον
615 2111 731 2198 πόλιν,
754 2113 791 2178 έν
806 2109 911 2198 ταάτη
932 2109 968 2177 δὲ
984 2129 1071 2195 συμ-

64 2213 222 2293 μίσγουσι
237 2204 335 2296 ἀνθρλ
350 2211 536 2295 πορφυρέι,
551 2215 597 2299 τῷ
613 2207 744 2293 οὕνομα
763 2200 808 2294 ήν
823 2206 1015 2294 Κοριίβιος,
1034 2202 1071 2284 ὃς

64 2312 130 2392 ἔφη
146 2304 205 2373 ὑπ’
234 2305 369 2393 ἀνέμων
387 2306 597 2392 ἀπενειχθεὶς
611 2304 794 2373 ἀπικέσθαι
820 2307 854 2382 ές
867 2304 1000 2391 Λιβύην
1015 2304 1071 2369 καλ

63 2403 195 2491 Λιβύης
208 2405 243 2491 ές
254 2405 409 2473 Πλατέαν
424 2411 539 2491 νήσου.
577 2409 690 2492 μισθῷ
711 2401 748 2468 θλ
761 2407 882 2469 τοῦτον
897 2405 1070 2477 πείσαντες

62 2495 150 2587 ήγον
163 2504 198 2580 ές
213 2501 347 2590 Θήρην,
358 2504 395 2570 έκ
411 2504 447 2571 δὲ
459 2502 572 2590 Θήρης
586 2507 717 2570 ἔπλωον
733 2498 936 2568 κατάσκοποι
949 2495 1069 2582 ἀνδρες

61 2599 102 2666 τὰ
124 2606 239 2686 πρῶτα
255 2597 296 2668 οὐ
310 2608 444 2670 πολλοί·
467 2598 743 2687 κατηγησαμένου
758 2599 795 2666 δέ
811 2604 872 2665 τοῦ
889 2601 1069 2682 Κορωβίου

61 2698 96 2774 ές
120 2694 184 2782 τήν
208 2703 315 2784 νήσου
328 2697 456 2783 ταύτην
480 2697 521 2786 δή
544 2696 607 2786 τήν
620 2697 777 2766 Πλατέαν
793 2693 854 2763 τὰν
871 2693 934 2780 μέν
947 2693 1069 2779 Κοροί-

61 2801 140 2880 βιον
173 2802 344 2880 λείπουσι,
379 2803 466 2864 σιτία
502 2796 741 2875 καταλιπόντες
772 2790 905 2880 ὁσωνθή
938 2797 1067 2880 μηνῶν,

60 2886 158 2958 αὐτοὶ
173 2896 210 2960 δὲ
225 2900 357 2962 έπλωου
369 2892 433 2981 τήν
446 2901 602 2981 ταχίστην
616 2893 877 2982 ἀπαγγελέοντες
891 2897 1067 2978 Θηραίοισι

59 2990 137 3072 περὶ
149 2996 208 3076 τής
228 2989 346 3076 νήσου.
385 2989 662 3081 Ἀποθημεόυτων
683 2993 720 3060 δὲ
733 2992 865 3060 τούτων
877 2990 969 3058 πλέω
982 2986 1065 3077 χρό·
1086 3016 1136 3072 ηςη

59 3111 123 3154 νον
137 3094 199 3155 τοῦ
214 3089 439 3175 συγκειμένου
460 3089 521 3159 τὸν
535 3092 715 3179 Κοροίβιον
730 3091 866 3159 έπέλιπε
887 3087 927 3156 τά
944 3088 1063 3158 πάντα.

58 3182 142 3272 μετά
160 3187 197 3252 δέ
211 3193 297 3272 νηῦς
309 3193 439 3274 Σαμίη,
454 3196 513 3275 τῆς
528 3191 718 3276 ναύκληρος
728 3181 773 3274 ήν
786 3194 955 3271 Κωλαῖος,
972 3183 1070 3252 πλοέ-
1115 3188 1120 3209 ’

57 3301 145 3350 ουσα
159 3278 207 3350 ἐπ’
229 3283 405 3370 Αίγάπτου
419 3283 607 3376 ἀπηνείχθη
622 3290 656 3366 ές
674 3285 737 3373 τήν
747 3283 903 3353 Πλατέαν
921 3282 1060 3369 ταύτην·
1120 3335 1122 3339 ,

59 3384 254 3469 πυθόμενοι
268 3387 305 3453 ἀὲ
320 3388 354 3453 οί
363 3384 491 3471 Σάμιοι
505 3383 596 3473 παρά
612 3392 674 3453 τοῦ
687 3387 866 3474 Κορωβίου
879 3385 940 3452 τὸν
953 3377 1065 3448 πάντιι
