2354 3840
128 159 169 222 ⁹0
502 163 757 220 HERODOTI

128 324 244 409 γμέυοι
262 323 295 400 ἐς
317 318 379 406 τήν
394 324 535 407 ἤπειρον
559 323 595 387 ἐκ
615 327 684 387 τῶν
703 321 835 407 νήσων·
857 316 895 387 τό
910 318 977 407 γὰρ
992 314 1125 387 παλαιόν

128 422 239 500 ἐόντες
254 427 356 488 Μίνω
370 446 406 487 τε
420 421 579 508 κατήκοοι
601 424 656 489 καὶ
676 422 876 509 καλεόμενοι
890 424 1037 508 Λέλεγες
1052 418 1127 509 εἶχεν

127 517 187 600 τάς
203 520 344 607 νήσους,
368 518 478 605 φόρον
493 520 555 604 μὲν
571 516 694 586 οὐδένα
710 518 965 604 ὑποτελέοντες,
984 517 1072 587 ὅσον
1084 520 1128 587 οὐ

128 616 193 704 ἐγώ
214 615 358 695 δυνατός
372 623 437 705 είμι
451 617 505 684 ἐπὶ
518 610 723 704 μακρότατον
738 616 902 695 ἐξικέσθαι
915 609 1016 703 ἀκοή,
1033 622 1069 686 οί
1090 618 1128 703 δέ,

128 715 214 795 όκως
232 722 351 794 Μίνως
372 715 496 799 δέοιτο,
519 715 688 800 ἐπλήρουν
711 719 745 782 οῖ
765 712 824 793 τάς
841 715 927 794 νέας,
957 712 1028 809 ,ἀτε
1045 710 1127 801 δδδή

127 823 229 884 Μίνω
250 814 541 899 κατεστραμμένου
563 818 626 898 γήν
642 810 772 898 πολλήν
789 816 844 880 καὶ
862 809 1128 901 εὐτυχέοντοςτᾷ

126 917 259 1003 πολέμῳ
273 909 310 979 τό
328 908 480 998 Καρικόν
500 903 544 995 ήν
562 916 663 989 ἔθνος
678 912 906 998 λογιμώτατον
922 916 992 979 τῶν
1008 911 1127 978 ἐθνέων

127 1011 286 1081 ἁπάντων
307 1007 390 1077 κατά
407 1015 526 1076 τοῦτον
542 1006 611 1095 ἀμα
626 1007 686 1076 τόν
707 1011 832 1095 χρόνον
848 1015 965 1099 μακρῷ
980 1007 1126 1093 μάλιστα.

126 1118 184 1180 καί
208 1130 268 1195 σφι
295 1103 389 1194 τριξὰ
417 1106 624 1192 ἐξευρήματα
650 1110 798 1195 ἐγένετο,
821 1101 964 1176 τοῖσι-ὀί
977 1104 1126 1193 Ἕλληνες

125 1209 322 1297 ἐχρήσαντο·
351 1202 481 1290 καλγάρ
503 1207 555 1272 ἐπὶ
577 1203 617 1271 τά
641 1207 769 1291 κράυεα
791 1205 919 1291 λόφους
942 1206 1123 1273 ἐπιδέεσθαι

125 1310 234 1394 Κάρές
253 1310 315 1372 είσι
332 1307 365 1370 οί
379 1304 630 1388 καταδέξαντες,
650 1307 705 1371 καὶ
720 1305 772 1372 ἐπὶ
787 1301 846 1381 τὰς
860 1299 1005 1381 ἀσπίδας
1020 1298 1062 1368 τά
1074 1320 1121 1385 σχ-

124 1409 207 1495 μήια
224 1411 416 1490 ποιέεσθαι,
435 1405 489 1471 καὶ
505 1402 610 1488 ὄχανα
623 1402 739 1474 ἀσπίσι
755 1397 852 1472 οὗτοί
864 1410 926 1472 είσι
943 1407 979 1470 οί
990 1398 1121 1488 ποιησό-
1143 1466 1149 1485 ,

124 1532 220 1594 μενοι
235 1509 377 1589 πρῶτοι·
400 1505 480 1580 τέως
494 1503 530 1568 δέ
548 1499 631 1568 ἀνευ
649 1499 783 1588 όχάνων
799 1501 944 1590 ἐφόρεον
959 1496 1021 1580 τάς
1036 1496 1121 1571 ἀσπί-

124 1610 184 1683 δας
198 1604 337 1689 πάντες,
364 1605 461 1687 οῖπερ
486 1599 639 1666 ἐνέθεσαν
650 1597 766 1668 ἀσπίσι
782 1608 944 1687 χρᾶσθαι,
967 1604 1145 1685 τελαμῶσι

125 1709 310 1771 σκυτίνοισι
333 1704 547 1784 οἰηκίζοντες,
569 1700 645 1784 περὶ
667 1713 752 1767 τοῖσι
776 1697 890 1786 αὐχέσι
915 1725 951 1767 τε
975 1701 1033 1767 καὶ
1048 1710 1120 1766 τοῖσι

125 1801 327 1890 ἀριστεροῖσι
349 1796 467 1884 ιόμοισι
489 1804 722 1885 περικείμενοι.
755 1797 837 1885 μετὰ
861 1801 898 1866 δέ
922 1797 1003 1877 τούς
1019 1804 1133 1885 Κᾶρας,

124 1901 234 1992 χρόνῳ
252 1898 395 1982 ὕστερον
411 1902 523 1985 πολλῷ
539 1900 687 1980 Δωριέες
707 1924 743 1965 τε
759 1900 814 1966 καί
826 1896 939 1977 Ἴωνες
956 1899 1119 1981 ἐξανίστη-

125 2019 189 2068 σαν
210 2002 327 2066 ἐκτῶν
343 1995 474 2083 νήσων,
496 1997 552 2061 καί
566 1992 655 2062 οὕτω
672 1997 705 2074 ἐς
720 1993 782 2084 τήν
802 1995 943 2084 ήπειρον
958 1993 1116 2065 ἀπίκοντο

124 2094 207 2164 κατὰ
222 2100 283 2181 μὲν
299 2091 340 2179 δή
358 2099 473 2173 Κᾶρας
488 2090 576 2158 οὕτω
591 2100 720 2180 Κρήτες
740 2099 875 2180 λέγουσι
892 2098 1069 2181 γενέσθαι·
1086 2090 1121 2165 οδ

124 2196 237 2281 μέντοι
260 2190 359 2259 αὐτοί
379 2216 417 2274 γε
438 2186 657 2274 ὁμολογέουσι
680 2193 827 2261 τούτοισι
849 2197 883 2261 οί
895 2200 1024 2281 Κᾶρες,
1046 2186 1120 2262 ἀλλά

51 2351 54 2357 .
123 2296 293 2376 νομίζουσι
309 2286 403 2355 αὐτοὶ
425 2284 570 2366 έωυτούς
591 2287 675 2355 εἶναι
701 2287 911 2377 αὐτόχθονας
930 2288 1120 2379 ήπειροέτας,

123 2391 177 2455 καὶ
195 2394 240 2478 τῷ
255 2382 416 2471 οὐνόματι
442 2390 489 2475 τῷ
504 2381 595 2475 αὐτῷ
617 2389 680 2454 αίεί
703 2390 977 2476 διαχρεομένους,
1019 2396 1121 2480 τῇπερ
1166 2456 1168 2463 ,

121 2493 195 2554 νῦν.
220 2482 439 2553 ἀποδεικνῦσι
463 2486 499 2550 δέ
522 2485 559 2550 ἐν
582 2484 778 2553 Μυλάσοισι
798 2483 883 2565 Διὸς
898 2492 1033 2574 Καρίου
1055 2484 1123 2573 ίρδν

122 2583 277 2669 ἀρχαῖον,
293 2589 354 2648 τοῦ
366 2589 517 2651 Μυσοῖσι
531 2583 594 2667 μὲν
607 2586 662 2651 καί
673 2588 814 2652 Λυδοῖσι
827 2586 957 2671 μέτεστι
974 2582 1021 2665 ὥς
1034 2604 1124 2655 κασι-

121 2683 271 2771 γνήτοισι
299 2683 392 2748 ἐοῦσι
415 2693 500 2747 τοῖσι
522 2687 647 2766 Καρσί·
681 2678 741 2749 τόν
762 2679 827 2769 γάρ
852 2680 968 2751 Λυδόν
993 2678 1051 2752 καλ
1070 2679 1125 2751 τόν

120 2779 247 2848 Μυσὸν
259 2782 394 2864 λέγουσι
406 2775 491 2845 εἶναι
502 2776 615 2863 Καρὸς
630 2776 824 2864 ἀδελφεούς.
848 2781 998 2849 τούτοισι
1011 2782 1075 2869 μέν
1089 2776 1125 2867 δή

120 2878 266 2964 μέτεστι,
289 2873 363 2941 ὅσοι
378 2876 414 2941 δέ
431 2873 542 2953 ἐόντες
558 2874 666 2945 ἀλλον
682 2883 802 2956 έθνεος
819 2876 1032 2965 ὁμόγλωσσοι
1046 2892 1128 2947 τοῖσι

61 2985 109 3042 1⁷2
120 2976 229 3058 Καρσὶ
246 2973 417 3058 ἐγένοντο,
439 2973 587 3042 τούτοισι
611 2975 647 3042 δὲ
671 2972 712 3043 ου’
730 2977 820 3062 μέτα.
868 2981 912 3044 OC
933 2979 970 3046 δὲ
984 2978 1127 3047 Καύνιοι

121 3069 326 3156 αὐτόχθονες
344 3072 473 3139 δοκέειν
493 3074 569 3159 ἐμοί
583 3078 665 3159 είσι,
688 3070 783 3143 αὐτοὶ
803 3076 918 3162 μέντοι
942 3078 980 3145 ἐκ
997 3076 1128 3167 Κρήτης

121 3171 203 3255 φασὶ
226 3165 319 3234 εἶναι.
349 3170 645 3257 προσκεχωρήκασι
667 3172 704 3239 δέ
724 3179 881 3258 γλῶσσαν
904 3173 967 3259 μέν
987 3170 1129 3263 πρόςτό

119 3264 272 3353 Καρικόν
292 3273 409 3356 ἐθνος,
430 3265 452 3355 ή
477 3274 510 3337 οί
530 3277 641 3354 Κᾶρες
658 3267 742 3357 πρὸς
758 3267 997 3339 τδΚαυυικόυ
1020 3278 1129 3359 (τοῦτο

119 3360 185 3452 γάρ
201 3363 263 3433 οὐκ
284 3372 347 3451 ἔχω
368 3363 530 3451 ἀτρεκέως
545 3371 747 3454 διακρῖναι),
770 3367 905 3454 νόμοισι
923 3367 960 3437 δὲ
976 3372 1128 3457 χρέονται
