2354 3840
326 191 411 250 ιιι.
443 191 488 249 m.
519 189 618 252 σει.
651 167 826 256 ιιι-ιιι.
1016 194 1079 261 τοι

73 357 162 418 λοισι
171 345 196 416 ό
217 347 369 426 ἑωθινός.
399 349 454 416 καὶ
474 344 511 415 τό
535 344 600 414 ιἰπό
617 349 741 418 τοάτον
754 348 865 420 άπιιδν
877 360 929 426 ἐπὶ
950 360 1080 442 μᾶλλον

72 445 189 532 μάχει,
206 443 336 524 έςόέπλ
347 450 491 535 δυσμῇσι
506 444 573 515 έόν
584 450 640 517 καὶ
654 447 690 517 τό
704 452 810 537 κάρτα
821 456 928 541 μάχει.
958 456 1078 526 Ἐπεὰν
1095 480 1148 534 ιοδ

73 546 110 612 δὲ
124 550 251 612 ἔλθωσι
265 545 299 621 ές
313 541 374 610 τόν
392 551 504 631 χῶρον
520 551 555 614 οί
571 543 667 615 Ἰνδοί
685 555 815 635 ἔχοντες
828 556 995 641 θυλάκια,
1018 559 1077 641 έμ·

72 644 259 732 πλήσαντες
278 650 382 711 ταῦτα
401 650 459 729 τῆς
479 645 620 731 ψάμμον
639 645 702 733 τὴν
722 657 879 738 ταχίστην
895 655 1076 720 ἐλαύνουσι

72 741 196 812 όπίσω·
218 739 338 811 αὐτίκα
359 740 425 828 γάρ
446 747 481 811 σι’
499 743 671 831 μύρμηκες
692 743 797 836 όδμβ,
817 747 862 827 όις
883 748 923 835 δὴ
947 752 1077 835 λέγεται

73 840 143 909 ὑπό
158 847 335 928 Περσέων,
357 842 525 928 μαθόντες
546 845 717 913 διάκονοι.
751 844 835 914 εἶναι
857 849 893 916 δὲ
913 874 1076 934 ταχυτητα

72 937 188 1007 οὐδενὶ
208 938 342 1031 θέρμ’
328 954 463 1027 ομοίον,
485 939 576 1008 οὕτω
591 939 744 1028 όστε,εί
759 943 804 1031 μὴ
825 948 1077 1034 προλαμβάνειν

71 1036 152 1117 τοὺς
164 1036 342 1118 Ἰνδοὺς
303 1066 360 1126 της
377 1037 461 1107 ὁδοῦ
472 1041 509 1107 έν
525 1031 640 1130 ηότούς
651 1043 827 1167 μύρμηκας
841 1049 1074 1130 συλλέγεσθαι,

71 1139 230 1209 οὐδένα”
210 1167 254 1208 αν
273 1159 389 1226 σφεων
409 1137 651 1220 ἀποσώζεσθαι.
676 1139 755 1219 τούς
773 1148 835 1228 μέν
855 1170 921 1210 νυν
939 1149 1075 1229 ἔρσενας

72 1247 141 1308 των
165 1239 341 1327 καμήλων,
364 1236 510 1307 εἶναι
470 1264 536 1325 μαρ
557 1241 697 1318 έσσονας
719 1243 815 1309 θέειν
835 1249 903 1309 τῶν
928 1245 1073 1329 θηλέων,

64 1345 324 1429 ἐπελκομένους,
348 1340 435 1430 ὁμου
452 1341 680 1432 ἀμφοτέρους,
704 1342 763 1424 τάς
789 1344 827 1412 δέ
849 1346 974 1430 θηλέας
992 1343 1075 1412 ἀνα-

62 1445 331 1540 μιμνησκομένας
355 1449 424 1512 τόν
448 1450 562 1512 έλιπον
583 1446 711 1514 τέκνων
736 1444 904 1513 ἐνδιδόναι
928 1444 1080 1532 μαλακόν

48 1541 178 1622 ,οὐδέν
215 1541 277 1611 τόν
299 1542 361 1630 μὲν
384 1542 426 1630 δὴ
449 1547 539 1614 πλέω
562 1550 623 1613 τοῦ
654 1551 783 1634 χρυσοῦ
807 1545 896 1614 οὕτω
921 1552 956 1614 οί
941 1544 1077 1616 ίἿνδοί

64 1641 274 1729 κτέονται,
251 1671 295 1723 ως
313 1645 441 1727 Πέρσαι
457 1652 557 1732 φασί
593 1644 693 1726 ἄλλος
710 1645 749 1715 δέ
767 1647 991 1735 σπανιάτιρός
1012 1650 1078 1764 ἐστι

65 1747 161 1810 έν
120 1771 161 1832 τη
180 1743 272 1832 χάρη
291 1737 529 1834 ὀρυσσόμενος.

150 1843 241 1915 Αίδ’
150 1847 406 1931 Αίέσχιιτιαί
417 1871 483 1923 κως
497 1852 554 1931 τῆς
566 1850 760 1931 οἰκεομένης
770 1871 810 1911 τα
798 1843 981 1914 κάλλιστα
993 1851 1070 1913 ὲλα-
1088 1865 1139 1919 ιοσ

65 1973 142 2034 χον,
176 1944 324 2034 κατάπερ
354 1940 395 2029 η’
397 1941 502 2021 Ελλάς
522 1941 581 2020 τάς
603 1941 691 2027 ὥρας
711 1943 839 2012 πολλόν
858 1971 889 2011 τι
910 1944 1069 2013 κάλλιστα

65 2048 271 2131 κεκρημένας
288 2048 390 2128 ἔλαχε.
424 2049 523 2109 τοῦτο
539 2041 601 2127 μέν
615 2040 681 2128 γάρ
703 2039 787 2125 πρός
802 2039 864 2127 τὴν
883 2039 933 2128 ἠῶ
951 2042 1068 2126 έσχάτη

66 2151 133 2212 τῶν
149 2147 352 2228 οίιιεομένωυ
364 2137 386 2226 ἡ
399 2138 521 2226 Ἰνδική
536 2143 621 2226 ἐστι,
646 2141 757 2226 ὥσπερ
775 2137 875 2230 όλίχφ
904 2141 1069 2228 πρότερον

65 2243 196 2360 εἴρηκα
220 2244 256 2308 έν
269 2239 374 2327 ταάτη
388 2245 487 2314 τοῦτο
499 2237 609 2324 μὲν
572 2265 612 2306 τα
625 2245 754 2324 ἔμψυχα
768 2237 955 2321 τετράποδά
967 2264 1001 2305 τε
1014 2242 1069 2306 καὶ

64 2338 105 2408 τά
119 2335 255 2406 πετεινά
268 2343 381 2428 πολλῷ
398 2331 519 2422 μέζω
497 2363 517 2422 η
533 2340 570 2403 έν
586 2350 672 2404 τοῖσι
687 2335 817 2404 άλλοισι
828 2362 897 2422 χωρ
898 2346 976 2404 λοισι
971 2339 1067 2421 ἐστι,

63 2437 168 2520 πάρεξ
185 2443 253 2505 τῶν
272 2439 385 2502 ἵππων
407 2426 515 2520 (οὗτοι
532 2435 607 2500 δδ
590 2441 766 2501 εσσοῦνται
781 2432 848 2499 ὑπό
870 2440 938 2500 τάν
953 2437 1068 2518 Μηδι-

65 2547 151 2622 κῶν,
174 2542 328 2604 Νισαίων
345 2534 381 2601 δὲ
402 2536 617 2618 καλεομένων
638 2535 784 2617 ἵππων),
805 2537 904 2599 τοῦτο
926 2533 962 2598 δέ
983 2555 1110 2616 χρυ-

64 2635 122 2715 σός
136 2635 276 2713 ἄπλετος
291 2631 413 2717 αὐτόθι
428 2628 542 2716 ε’στλ,’
528 2627 650 2716 ομέν’
634 2629 871 2716 ορυσσόμενος,
887 2655 904 2696 ο
892 2624 955 2696 δὲ
965 2654 1068 2696 κατα-

64 2733 275 2820 φορεύμενος
296 2728 362 2799 ὑπό
378 2735 554 2815 ποταμῶν,
577 2726 595 2796 ὁ
612 2727 648 2796 δὲ
664 2726 775 2816 ὥσπερ
791 2727 939 2815 ἐσήμηνα
956 2724 1066 2811 ἆρπα·

63 2832 208 2916 ξάμενος.
232 2827 273 2897 τά
294 2832 330 2897 δέ
352 2831 492 2910 δένδρεα
512 2822 554 2893 τά
570 2823 670 2910 άγρια
686 2823 809 2893 αὐτόθι
826 2827 920 2910 φέρει
936 2821 1067 2908 καρπόν
1130 2845 1133 2848 ·

63 2939 149 3014 είρια
171 2935 317 3015 καλλονῇ
340 2953 375 2994 τε
396 2929 609 3013 προφέροντα
630 2928 685 2993 καὶ
707 2922 807 3009 άρετῄ
824 2928 892 2988 των
913 2918 977 2987 άπὸ
999 2929 1066 2986 τῶν

60 3023 160 3093 ὀίων·
183 3027 375 3111 καθέσθητι
397 3029 430 3092 οί
447 3021 545 3092 Ἰνδοὶ
567 3021 632 3091 άπδ
657 3022 877 3103 τούτωνπωυ
899 3021 1067 3102 δενδρέων

60 3127 224 3210 χρέονται.
268 3123 361 3211 Πρός
376 3121 408 3192 δ’
431 3117 477 3191 αὖ
497 3129 701 3211 μεσαμβρίης
717 3120 835 3204 ἐσχάτη
849 3114 983 3204 Ἀραβίη
998 3127 1066 3186 τῶν
1083 3136 1149 3193 Ιολ

59 3223 265 3306 οίιιεομένων
278 3224 413 3308 χωρέων
429 3225 512 3306 ἐστὶ,
535 3225 572 3288 έν
586 3221 622 3288 δὲ
637 3219 741 3306 ιαύτη
752 3215 935 3303 λιβανωτός
948 3217 986 3284 τέ
998 3220 1066 3287 ἐστι

58 3320 172 3407 μούνη
187 3323 322 3406 χωρέων
337 3324 471 3388 πασέων
487 3321 658 3407 φυόμενος
672 3323 727 3387 καὶ
744 3313 876 3402 σμύρνη
898 3316 952 3382 καὶ
967 3324 1065 3404 κασίη
1085 3325 1087 3331 ’

59 3419 114 3484 καὶ
135 3418 354 3503 κιννάμωμον
375 3420 430 3485 καί
448 3417 610 3506 λήδανον.
640 3424 747 3486 ταῦτα
762 3412 872 3482 πάντα
897 3411 985 3495 πλην
1007 3421 1070 3494 τῆς
