2354 3840
151 201 209 264 172
520 204 771 263 HERODOT!

148 366 262 451 έθέλη·
296 359 400 430 αὐτὸν
426 364 465 428 δέ
483 380 520 427 σε
541 364 595 428 καλ
618 358 697 439 τούς
721 358 801 439 σούς
826 364 1029 449 συμπλόους
1054 370 1142 453 zoa-‘v

147 460 298 549 ἡμερέων
308 459 529 547 προαγορεύω
541 460 577 526 έκ
589 465 646 545 τῆς
661 461 739 545 ἐμῆς
749 465 810 545 γῆς
821 458 975 548 έςάλλην
984 458 1064 531 τινά
1076 484 1142 548 μετ-

147 566 357 648 ορμίζεσθαι,
381 565 410 626 εἰ
426 558 462 625 δέ
476 563 522 643 μή
529 609 538 642 ,
560 556 617 624 άτε
631 564 810 645 πολεμίους
826 561 1062 646 περιέψεσθαι.

82 685 129 737 116
224 655 356 742 Ἑλένης
371 657 432 740 μὲν
453 655 580 740 ταύτην
594 653 709 734 ἀπιξιν
723 653 813 740 παρά
828 659 974 744 Πρωτέα
991 660 1139 745 έλεγονοί

147 762 231 840 ἱρέες
247 759 422 842 γενέσθαι·
455 755 562 821 δοκέει
589 756 627 820 δέ
648 777 705 838 μοι
731 754 786 819 καὶ
802 750 950 840 ’Όμηρος
970 752 1137 841 τὸνλόγον

145 860 266 920 τοῦτον
277 854 467 920 πυθέσθαι·
490 847 563 917 ἀλλ’
582 848 624 917 οὐ
634 847 699 936 γάρ
711 847 833 936 ὁμοίως
849 854 881 929 ές
895 849 961 939 τὴν
977 856 1136 941 έποποιίηι

147 947 314 1035 εὐπρεπὴς
333 942 377 1035 ἦν
392 955 438 1038 τῷ
453 950 571 1038 ἑτέρῳ,
598 953 709 1038 τῷπέρ
731 949 910 1035 ἐχρήσατο,
927 951 974 1034 [ές
989 946 1022 1037 ὃ]
1035 956 1134 1037 μενεῖτε

147 1044 268 1131 αὐτόν,
285 1045 435 1131 δηλώσας
447 1042 492 1123 ὡς
503 1047 557 1112 καὶ
567 1052 688 1112 τοῦτον
700 1047 866 1112 ἐπίσταιτο
879 1042 1068 1133 τὸνλόγον.
1088 1050 1132 1133 δῆ-

146 1153 206 1212 λον
227 1146 279 1211 δέ·
314 1141 459 1231 κατάπερ
491 1145 624 1228 ἐποίησε
647 1145 684 1209 έν
696 1140 808 1210 Ἰλιάδι
831 1146 900 1233 (καὶ
922 1140 1131 1233 οὐδαμῇάλλρ

146 1242 323 1311 ἀνεπόδισε
345 1242 485 1327 ἑωυτόν)
507 1244 640 1328 πλάνην
663 1239 725 1327 την
742 1238 983 1329 Ἀλεξάνδρου,
1006 1238 1050 1321 ὡς
1063 1238 1127 1325 ἀπη-

145 1351 263 1427 νείχθη
278 1339 370 1426 άγων
381 1338 517 1424 Ἑλένην
530 1346 570 1429 τῇ
586 1365 620 1406 τε
636 1337 675 1425 δη
692 1337 776 1428 άλλη
789 1338 1014 1426 πλαζόμενος,
1034 1340 1085 1407 καὶ
1097 1334 1129 1415 ἀς

146 1443 178 1518 ές
193 1444 331 1507 Σιδῶνα
346 1446 403 1523 τῆς
418 1446 577 1525 Φοινίκης
594 1437 739 1506 ἀπίκετο.
751 1439 979 1523 ’ἐπιμέμνηται
995 1437 1031 1506 δὲ
1045 1432 1129 1505 αότοδ
1167 1494 1169 1499 .

104 1615 108 1622 ,
146 1544 183 1608 έν
196 1541 384 1627 Διομήδεος
400 1538 561 1628 ἀριστείη’
588 1542 676 1623 λέγει
690 1539 726 1606 δέ
740 1537 780 1606 τά
794 1544 874 1606 ἔπεα
888 1536 996 1605 οὕτω·

178 1633 271 1705 Ἔνθ’
290 1642 370 1704 έσαν
385 1642 419 1704 οἱ
430 1641 550 1706 πέπλοι
565 1642 799 1722 παμποίκιλοι,
821 1640 902 1721 έργα
917 1643 1081 1721 γυναικῶν
1167 1663 1169 1669 ’

186 1741 373 1823 Σιδονίων,
395 1737 454 1818 τάς
470 1736 572 1816 αὐτὸς
584 1737 798 1824 Ἀλέξανδρος
811 1733 969 1823 θεοειδὴς

177 1834 303 1921 Ἥγαγε
319 1839 542 1922 Σιδονίηθεν,
563 1832 707 1913 έπιπλώς
723 1831 822 1918 εὐρέα
838 1833 984 1921 πόντον,

190 1933 259 2020 Τὴν
272 1930 372 2019 ὁδὸν,
395 1930 437 2020 ἢν
446 1933 582 2019 Ἑλένην
597 1957 659 2019 περ
675 1930 844 2018 ἀνήγαγεν
859 1929 1079 2020 εὐπατέρειαν.
1165 1946 1169 1993 λ

140 2031 368 2120 [ἐπιμέμνηται
377 2030 416 2099 δὲ
426 2037 480 2101 καὶ
495 2036 532 2100 έν
544 2032 717 2121 Ὀδυσσείῃ
729 2036 766 2100 έν
779 2037 903 2100 τοισίδε
917 2046 1004 2101 τοῖσι
1018 2040 1111 2102 ἔπεσι·
1126 2116 1131 2123 Ι

188 2137 268 2196 Τοῖα
282 2127 366 2207 Διός
382 2133 538 2219 θυγάτηρ
554 2138 605 2217 έχε
620 2131 781 2217 φάρμακα
796 2130 986 2219 μητιόεντα,

180 2223 319 2311 Ἐσθλά,
336 2227 377 2293 τά
393 2232 426 2294 οί
438 2231 646 2315 Πολυδάμνα
660 2229 766 2315 πόρεν
777 2234 894 2307 Θῶνος
907 2228 1093 2314 παράκοιτις

182 2328 367 2409 Αἰγυπτίη,
382 2332 422 2413 τῇ
432 2335 568 2395 πλείστα
585 2330 680 2413 φέρει
696 2329 849 2412 ζείδωρος
863 2324 994 2413 άρουρα
1166 2378 1169 2388 .

182 2422 358 2510 Φάρμακα,
366 2424 473 2494 πολλοὶ
481 2421 656 2512 μένέσθλά
664 2418 1119 2509 μεμιγμένα,πολλαδὲλνγρέ.
1164 2426 1169 2473 ἕ

138 2524 193 2588 καλ
208 2521 286 2588 τάδε
303 2525 397 2608 ἕτερα
412 2522 496 2612 πρὸς
515 2524 707 2610 Τηλέμαχον
724 2526 900 2600 Μενέλεως
914 2525 1020 2607 λέγει·
1163 2522 1166 2541 ⁷

180 2623 341 2713 Αἰγύπτῳ
356 2622 391 2710 μ’
410 2631 457 2693 έτι
473 2632 573 2712 δεῦρο
589 2626 666 2692 θεοὶ
681 2629 837 2708 μεμαῶτα
851 2625 991 2689 νέεσθαι

170 2718 307 2806 ’Ἑσχον,
327 2723 395 2788 ἐπεὶ
409 2721 452 2789 οὔ
465 2742 548 2807 σφιν
564 2725 657 2809 ἔρεξα
671 2723 846 2806 τεληέσσας
862 2718 1069 2817 ἕκατόμβας],

138 2821 174 2886 έν
187 2817 336 2886 τούτοισι
353 2834 437 2888 τοῖσι
459 2827 549 2888 έπεσι
571 2823 683 2905 δηλοῖ,
706 2815 757 2884 ὅτι
775 2814 934 2902 η’πίστατο
949 2816 1013 2906 τὴν
1031 2822 1118 2899 έςλλ·
1157 2835 1169 2873 δ

127 2942 265 3004 Ιγυπτον
283 2915 504 3007 Ἀλεξάνδρου
532 2917 680 3002 πλάνην·
713 2915 867 3002 ὁμουρέει
894 2913 959 3004 γάρ
983 2916 1005 3007 ἡ
1029 2918 1117 3005 Συρίη

136 3013 315 3103 Αἰγύπτῳ,
344 3020 378 3081 νί
399 3017 435 3082 δὲ
458 3024 628 3102 Φοίνικες,
652 3021 720 3080 τῶν
742 3015 808 3080 ἐστὶ
834 3010 856 3100 ἡ
877 3019 1012 3103 Σιδοέν,
1039 3016 1118 3119 ένερ
1158 3000 1169 3071 ἦ

72 3119 118 3174 117
136 3119 246 3200 Συρίη
267 3112 422 3179 οἰκέουσι.
468 3113 560 3181 Κατά
583 3122 687 3183 ταῦτα
709 3116 745 3181 δ“ε
764 3109 805 3179 τά
822 3117 902 3179 ἔπεα
923 3117 991 3193 [καλ
1010 3112 1116 3182 τόδετο
1159 3127 1169 3168 λ

135 3214 258 3294 χωρίον
274 3204 336 3275 οὐκ
350 3206 486 3295 ἥκιστα,
501 3208 584 3278 άλλά
600 3213 752 3298 μάλιστα]
769 3214 881 3297 δηλοῖ,
902 3209 953 3279 ὅτι
969 3204 1118 3295 οόκὉμῆ·
1161 3199 1165 3219 ’

137 3331 200 3391 ρον
214 3302 254 3373 τά
271 3307 406 3395 Κύπρια
423 3307 503 3375 ἔπεά
520 3310 598 3394 ἐστι,
613 3306 685 3377 ἀλλ’
704 3305 809 3376 ἀλλον
823 3306 932 3385 τινός·
953 3307 1061 3395 ένμλν
1071 3298 1126 3393 γάρ.
1161 3302 1169 3371 ί

136 3417 218 3472 τοῖσι
239 3411 418 3493 Κυπρίοισι
434 3415 580 3490 είρηται,
604 3406 646 3483 ὡς
660 3421 805 3496 τριταῖος
826 3409 862 3475 ἐκ
878 3407 1037 3496 Σπάρτης
1048 3398 1116 3471 ’Au-
1164 3392 1169 3422 ¹
