2354 3840
311 213 395 268 ιιε.
430 214 471 270 111.
507 212 607 311 σεε,
643 216 816 273 ιιε-ιτο.
1001 210 1064 277 27³

59 373 163 456 κοινῷ
180 367 271 458 λόγῳ
285 373 320 436 οί
332 372 365 448 ἓξ
382 369 599 456 πεποιηκότος
615 374 693 436 ἔωσι
707 377 827 455 ταῦτα,
850 372 1064 457 μεταπεμπό-

60 488 161 548 μενος
180 464 241 531 ἀνα
263 466 406 533 ἕκαστον
424 463 626 552 ἀπεπειρᾶτο
641 464 792 553 γνώμης,
816 473 846 535 εί
866 469 1066 535 σννέπαινοί

61 565 122 628 είσι
149 566 198 651 τῷ
222 566 444 653 πεποιημένῳ.
490 564 599 630 ἐπείτε
623 560 663 630 δδ
688 563 844 649 ἐξέμαθε,
868 562 912 644 ὡς
935 561 978 633 οὐ
997 562 1064 633 σύν

61 661 218 729 έκείνοισι
235 669 285 746 ελη
299 667 403 729 ταῦτα
417 658 624 747 πεποιηκώς,
647 665 749 747 ἔλαβε
756 658 863 729 αὐτόν
877 687 913 729 τε
926 658 987 730 τόν
1000 660 1064 730 Ἰν-

61 758 227 842 ταφέρυεα
241 762 295 825 καὶ
306 755 385 836 τούς
399 762 519 836 παῖδας
533 755 640 825 αὐτοῦ
650 761 705 825 καὶ
718 755 798 836 τούς
811 764 959 844 οἰκηίους
974 759 1062 827 πάν-

62 878 134 939 τας,
157 854 290 932 ἐλπίδας
304 852 429 933 πολλάς
444 859 529 941 ἔχων
539 850 621 940 μετά
632 861 701 921 τών
711 856 903 940 συγγενέων
917 881 978 942 μιν
989 859 1061 924 ἐπι-

60 947 239 1036 βουλεύειν
256 954 291 1018 οί
310 952 554 1037 ἀπανάστασιν,
576 948 755 1038 συλλαβών
782 951 821 1019 δέ
839 972 944 1038 σφεας
966 957 1061 1039 ἔδησε

60 1043 121 1131 τὴν
137 1047 192 1114 ίπδ
203 1047 351 1140 δανάτρε.
375 1047 397 1136 ἡ
413 1051 450 1117 δέ
464 1047 550 1136 γυνη
568 1054 629 1116 τού
640 1045 866 1135 Ἰνταφέρνεος
880 1054 1062 1136 φοιτέουσα

60 1149 112 1215 ἐπὶ
127 1144 187 1226 τοὶς
196 1146 308 1234 δύρας
317 1155 378 1216 τού
393 1155 546 1236 βασιλέος
559 1152 713 1215 κλαίεσκε
723 1143 768 1214 ἀν
778 1150 833 1215 καί
845 1145 1059 1234 ὀδυρέσκετο·

61 1250 203 1312 ποιεῦσα
215 1242 252 1312 δὲ
268 1247 333 1313 αίελ
348 1243 455 1314 τώυτδ
474 1252 572 1313 τοῦτο
586 1243 802 1330 τὸνΔαρελον
814 1252 924 1315 ἔπεισε
940 1255 1062 1316 οίιιτεῖ-

60 1348 119 1428 ραί
130 1368 205 1428 μιν,
227 1346 357 1429 πέμψας
373 1345 409 1412 δὲ
423 1340 568 1430 ἀγγελον
584 1347 676 1427 ἔλεγε
689 1341 784 1409 τάδε·
802 1335 842 1410 Ὠ
856 1344 975 1429 γύναι,
997 1353 1060 1432 βα-

60 1440 174 1519 σιλεύς
192 1467 244 1510 τοι
266 1451 411 1526 Δαρεῖος
436 1444 525 1509 διδοῖ
546 1441 606 1507 ἕνα
626 1446 696 1506 τών
715 1441 902 1527 δεδεμένων
922 1447 1061 1527 οἰκηίων

59 1537 246 1623 ῥύσασθαι,
261 1535 321 1607 τόν
331 1538 469 1626 βούλεαι
484 1540 521 1606 ἐκ
534 1536 679 1604 πάντων.
707 1534 795 1605 Ηδλ
806 1541 1060 1628 βουλευσαμένη

61 1635 261 1724 ὑπεκρίνατο
282 1637 377 1706 τάδε·
418 1643 460 1705 Ec
478 1634 541 1722 μὲν
561 1634 603 1720 δή
624 1659 681 1720 μοι
702 1637 792 1701 διδοῖ
807 1632 965 1721 βασιλεὺς
986 1636 1061 1718 ἑνὸς

60 1762 121 1823 την
137 1742 264 1823 ψυχήν,
282 1736 464 1822 αίρέομαιέ
464 1760 484 1801 κ
501 1757 639 1801 παντων
651 1757 712 1798 τον
729 1728 903 1816 ἀδελφεόν.
936 1733 1060 1802 Πυθό-

62 1858 160 1911 αενος
176 1836 213 1900 δέ
222 1843 366 1921 Δαρεῖος
380 1839 483 1900 ταύτα
493 1833 549 1898 καὶ
568 1829 731 1916 θωμάσας
760 1826 822 1896 τόν
835 1829 954 1915 λόγου,
975 1833 1060 1916 πέμ-

61 1945 124 2014 ψας
137 1928 295 2018 ἠγόρευε·
315 1924 353 1998 ’ίλ
364 1930 476 2017 γύναι,
492 1933 611 2016 εἰρωτᾷ
622 1945 659 1993 σε
670 1923 837 2012 βασιλεὺς,
851 1933 925 1993 τίνα
937 1931 1059 2013 ἔχουσα

60 2031 199 2118 γνώμην
213 2027 273 2098 τόν
293 2026 402 2115 ἀνδρα
418 2053 453 2096 τε
474 2029 529 2095 καὶ
545 2024 585 2093 τά
602 2026 702 2093 τέκνα
718 2025 983 2108 ἐγκαταλιποῦσα
998 2026 1059 2094 τόν

59 2125 226 2213 ἀδελφεόν
241 2130 328 2196 εἵλεο
347 2129 513 2213 περιεῖναί
523 2151 591 2209 τοι,
612 2118 648 2200 ὃς
663 2124 719 2189 καλ
735 2118 994 2208 ἀλλοτριώτερός
1009 2149 1061 2192 τοι

60 2231 127 2293 τῶν
148 2227 278 2291 παίδων
298 2226 354 2292 καὶ
376 2226 475 2291 ἕσσον
499 2222 734 2308 κεχαρισμένος
755 2225 816 2286 τού
837 2218 961 2306 ἀνδρός
981 2223 1059 2289 έστι.

55 2321 97 2390 Ἡ
115 2319 148 2388 δ’
170 2319 322 2409 ἀμείβετο
344 2324 483 2388 τοισίδε·
512 2313 552 2387 Ὠ
573 2324 728 2405 βασιλεύ,
752 2314 838 2403 ἀνὴρ
856 2319 918 2402 μέν
939 2342 995 2403 μοι
1016 2314 1061 2385 ἀν

60 2419 160 2498 ἀλλος
179 2423 325 2504 γένοιτο,
354 2424 385 2486 ί
405 2423 534 2504 δαίμων
554 2416 683 2498 ἐθέλοι,
709 2415 764 2479 καὶ
788 2416 887 2480 τέκνα
908 2412 1008 2500 ἀλλα,
1032 2421 1063 2482 εί

59 2527 164 2588 ταῦτα
185 2515 402 2605 ἀποβάλοιμι·
425 2513 550 2601 πατρὸς
576 2516 611 2581 δὲ
638 2464 693 2580 κώλ
717 2510 840 2599 μητρός
866 2510 976 2581 οὐκέτι
996 2541 1060 2599 μευ

59 2621 214 2704 ζωόντων
224 2614 543 2704 ἀδελφεδςάνάλλος
555 2613 669 2682 οὐδενὶ
679 2612 792 2733 τρόπω
803 2613 943 2698 γένοιτο
956 2614 1060 2703 ταύτῃ

59 2746 99 2808 τη
109 2717 228 2804 γνώμη
245 2717 491 2802 χρεομόνηξ
422 2720 491 2794 ἔλεξ
493 2741 514 2780 α
529 2718 650 2778 ταῦτα
662 2702 715 2778 Εὖ
727 2735 762 2777 τε
772 2706 813 2794 δη
826 2713 917 2788 ἔδοξε
928 2735 974 2776 τω
960 2715 1060 2777 Δα-

59 2823 137 2906 ρείω
156 2820 260 2882 εἰπεῖν
275 2840 295 2900 η
283 2811 413 2899 ’γυυή,
430 2818 518 2879 καίο
519 2807 651 2895 ίάπηκε
665 2806 787 2875 τοῦτόν
803 2832 847 2927 τε,
864 2802 923 2872 τόν
938 2829 1061 2889 παραι-

59 2919 165 3000 τίετο,
188 2915 242 2981 καὶ
257 2919 326 2980 τών
338 2920 400 2981 παί
385 2909 517 2981 ίδων
483 2937 544 2978 τον
560 2906 817 3028 πρεσβύτατον,
830 2902 946 2992 ἡσδεις
963 2903 1058 2995 αὐτῇ,

58 3006 136 3091 τούς
152 2964 188 3080 δέ
209 3010 331 3090 ἀλλους
347 3009 520 3078 ἀπέκτεινε
542 3008 677 3082 πάυτας.
701 3011 769 3071 τῶν
782 3005 845 3087 μὲν
860 2999 933 3087 δη
916 3000 996 3068 επτά
1013 2999 1059 3082 εἷς
1119 3027 1124 3036 ·

57 3106 176 3178 αάτίιια
190 3109 348 3198 τρόπω
317 3115 363 3175 τύ
378 3109 539 3196 εἰρημένω
554 3101 732 3175 ἀπολώλεε.

143 3212 268 3273 ΚΑΤΑ
283 3207 324 3272 δέ
334 3231 397 3272 κου
411 3204 554 3290 μάλιστα
569 3199 632 3286 τὴν
644 3197 831 3319 Καμβύσεω
845 3202 972 3265 νοῦσον
987 3199 1059 3282 έγέ-
1078 3220 1124 3274 m

57 3328 135 3372 νετο
148 3299 277 3369 τάδεῧ
260 3300 326 3369 υπδ
348 3302 464 3386 Κύρου
485 3289 738 3373 κατασταθεὶς
716 3323 761 3383 ην
775 3300 934 3379 Σαρδίων
948 3294 1058 3379 ὕπαρ-

54 3428 111 3489 χος
122 3397 303 3486 Ὀροιτης’
284 3427 369 3488 ανηρ
384 3403 524 3486 Πέρσης
547 3392 645 3479 οὗτος
661 3398 853 3484 ἐπεθύμησε
866 3422 1066 3483 amm

133 3509 231 3547 mov.
255 3495 274 3549 λ
