2354 3840
132 190 195 259 380
511 192 761 251 ΗΒΒΟΒΟΤΙ

135 343 200 418 ύδε
216 352 452 437 ἐπιφρασθείς
481 352 674 436 περιφέρων
689 345 795 437 αῦτήν
817 349 909 430 ἐντός
931 359 994 420 τοῦ
1016 359 1167 441 τείχεοςι

134 463 291 537 προσῖσχε
305 447 390 537 πρδς
410 446 447 517 τό
465 447 612 515 δάπεδον
628 455 686 535 τῆς
707 449 832 528 πόλιος.
862 447 981 537 τὰμὲν
998 449 1039 537 δή
1056 451 1136 521 ἀλλα

40 624 42 628 ,
135 553 210 615 ἔσκε
224 546 342 635 κωφά,
363 545 448 635 πρὸς
460 544 501 614 τὰ
514 560 690 633 προσῖσχε,
712 544 796 615 κατὰ
812 547 848 614 δέ
863 544 903 615 τὰ
925 544 1136 635 ὀρυσσόμενα
1165 591 1167 601 ·

134 643 268 732 ἠχέεσκε
295 641 314 714 ὁ
340 641 461 732 χαλκός
485 650 542 730 τῆς
566 639 713 722 ἀσπίδος.
746 641 1010 731 ἀντορύσσοντες
1037 644 1069 712 δ’
1096 642 1137 713 ἀν
1163 671 1167 696 ¹

135 742 239 829 ταύτῃ
261 745 295 808 οί
305 750 467 829 Βαρκατοι
488 747 638 810 ἔκτεινον
657 748 726 808 τῶν
738 743 900 827 Περσέων
914 744 993 821 τοῦς
1007 767 1138 829 γεωρυ-

135 845 279 928 χέοντας.
302 841 479 928 τοῦτομὲν
494 838 534 927 δή
552 837 641 907 οὕτω
657 842 835 927 ἐξευρέθη,
853 838 912 918 τάς
933 839 970 908 δέ
990 847 1137 932 προσβο·
1160 877 1162 881 f

68 957 117 1011 ²01
134 938 195 1018 λάς
211 938 441 1025 ἀπεκρούοντο
464 943 498 1006 ολ
509 947 679 1024 Βαρκαῖοι.
730 937 867 1024 Χρόνον
889 936 925 1004 δέ
948 934 989 1022 δή
1011 933 1138 1004 πολλόν

136 1039 344 1124 τριβομένων
371 1039 427 1104 καλ
452 1037 644 1105 πιπτόντων
675 1033 875 1122 ἀμφοτέρων
900 1043 1052 1121 πολλῶν,
1085 1035 1138 1102 καὶ

138 1133 201 1203 οῦκ
216 1137 316 1202 ἕσσον
330 1141 399 1203 τῶν
412 1139 589 1222 Περσέων,
604 1130 742 1221 ’Ἄμασις
763 1131 781 1202 ὁ
803 1133 985 1221 στρατηγὸς
1001 1141 1062 1202 τοῦ
1079 1157 1138 1201 πε·

138 1239 195 1314 ζοῦ
209 1240 394 1320 μηχανᾶται
408 1235 536 1301 τοιάδε·
557 1231 681 1320 μαθων
694 1231 773 1312 τοῦς
782 1242 982 1321 Βαρκαίους,
997 1232 1042 1312 ὡς
1056 1230 1137 1301 κατὰ

138 1333 200 1418 μὲν
215 1328 252 1398 τδ
268 1328 408 1418 ίσχυρδν
424 1329 487 1399 οῦκ
505 1335 628 1419 αίρετολ
643 1331 726 1417 εἶεν,
745 1334 833 1425 δόλφ
848 1336 884 1401 δὲ
900 1338 1040 1422 αίρετολ,
1063 1358 1137 1402 ποι-

138 1434 183 1498 ἐει
194 1429 321 1497 τοιύδε·
342 1428 463 1508 ννκτός
474 1431 605 1518 τόφρον
623 1427 745 1517 ὀρύξας
762 1428 883 1518 εύρέαν
900 1434 1043 1500 ἐπέτεινε
1057 1433 1139 1512 ξύλα

138 1525 285 1596 ἀσθενέα
301 1526 387 1616 ῦπδρ
409 1525 527 1615 αὐτῆς,
549 1529 741 1615 κατύπερθε
759 1528 794 1596 δὲ
816 1531 975 1615 ἐπιπολῆς
994 1536 1063 1596 τόν
1081 1525 1139 1607 ξύ

139 1634 208 1693 λων
222 1634 305 1711 χοῦν
319 1634 381 1715 γῆς
394 1628 597 1715 ἐπεφόρησε,
619 1630 744 1695 ποιέων
757 1633 797 1711 τῇ
811 1624 896 1711 ἀλλη
911 1631 954 1712 μή
969 1625 1138 1705 ἰσόπεδον.

139 1724 207 1811 ἅμα
227 1723 333 1813 ἡμέρη
356 1731 391 1794 δέ
412 1730 444 1802 ἐς
465 1726 588 1808 λόγους
608 1725 827 1808 προεκαλέετο
847 1719 927 1800 τοῦς
940 1731 1136 1807 Βαρκαίους.

139 1827 173 1890 οί
195 1821 230 1888 δὲ
257 1819 431 1900 ἀσπαστῶς
456 1820 672 1908 ὑπήκουσαν,
700 1822 734 1898 ές
755 1818 775 1886 ὅ
795 1839 855 1906 σφι
879 1822 955 1887 ἕαδε
981 1817 1139 1910 ὁμολονίη

137 1917 335 2005 χρήσασθαι.
366 1917 428 2005 τήν
450 1919 485 1987 δὲ
503 1917 686 2006 ὁμολογίην
706 1920 878 1985 ἐποιεῦντο
898 1918 1033 2008 τοιήνδε
1052 1918 1138 2005 τινὰ,

140 2016 191 2084 ἐπὶ
211 2022 269 2102 τῆς
291 2023 439 2103 κρυπτῆς
458 2019 592 2105 τάφρου
614 2017 796 2102 τάμνοντες
816 2015 931 2104 ὅρκια,
959 2016 1028 2086 ἐστ’
1056 2014 1139 2104 ἀνή

138 2120 180 2199 μή
202 2112 287 2200 αῦτη
309 2112 397 2183 οὕτω
415 2121 488 2204 ἔχη,
510 2119 624 2201 με’νειν
645 2111 682 2180 τὸ
700 2112 817 2200 ὅρκιον
831 2112 914 2182 κατά
934 2115 1064 2203 χύρην,
1087 2117 1139 2182 καὶ

140 2216 327 2298 Βαρκαίους
344 2237 378 2277 τε
395 2209 587 2279 ὑποτελέειν
603 2212 708 2294 φάναι
723 2208 826 2298 ἀξίην
832 2216 964 2300 βασιλέϊ
982 2215 1036 2280 καλ
1051 2215 1139 2299 Πέρ-

141 2330 200 2385 σας
214 2307 318 2394 μηδέν
333 2306 414 2377 ἀλλο
435 2312 600 2393 νεοχμοῦν
619 2302 702 2374 κατὰ
716 2313 913 2392 Βαρκαίους.
942 2307 1023 2390 μετὰ
1046 2313 1082 2376 δὲ
1103 2306 1138 2376 τό
1162 2346 1167 2359 ⁴

61 2413 65 2419 ⁴
141 2409 258 2497 ὅρκιον
280 2417 441 2494 Βαρκαῖοι
463 2409 525 2493 μὲν
554 2406 790 2482 πιστεύσαντες
813 2403 960 2471 τούτοισι
987 2401 1086 2471 αὐτοί
1106 2429 1139 2471 τε

141 2506 273 2594 ἐξήισαν
288 2508 324 2573 έκ
337 2514 398 2573 τοῦ
413 2503 529 2583 ἀστεος
548 2509 603 2572 καὶ
623 2511 691 2572 τῶν
711 2509 880 2589 πολεμίων
901 2507 966 2571 ἔων
986 2506 1140 2585 παριέναι

145 2605 175 2682 ές
188 2599 225 2669 τὸ
243 2615 347 2688 τεῖχος
363 2599 424 2669 τδν
437 2601 662 2688 βουλόμενον,
677 2597 736 2678 τὰς
747 2598 854 2676 πύλας
865 2598 972 2677 πόσας
986 2596 1140 2679 ἄνοιξαν-

143 2725 202 2778 τες.
237 2702 271 2766 οί
284 2698 320 2765 δέ
329 2699 456 2786 Πέρσαι
468 2699 731 2786 καταρρήξαντες
746 2693 808 2782 τήν
822 2695 975 2783 κρυπτήν
988 2703 1140 2785 γέφυραν

143 2802 243 2866 ἐδεον
264 2800 326 2865 ἔσω
351 2799 383 2876 ἐς
404 2795 441 2864 τὸ
464 2811 576 2885 τεῖχος.
607 2799 812 2884 κατέρρηξαν
836 2799 871 2864 δέ
892 2801 991 2864 τοῦδε
1015 2801 1140 2864 εἵνεκεν

143 2893 204 2982 τήν
229 2895 390 2979 ἐποίησαν
410 2895 581 2981 γέφυραν,
608 2898 665 2961 ἵνα
691 2895 961 2980 ἐμπεδορκέοιεν,
983 2893 1141 2978 ταμόντες

143 3008 227 3062 τοῖσι
240 3000 435 3079 Βαρκαίοισι
451 2992 576 3079 χρόνον
589 2993 704 3078 μένειν
718 2994 782 3058 αίεδ
799 2987 835 3058 τό
852 2988 987 3077 ὅρκιον,
1003 2987 1086 3056 ὅσον
1100 2985 1141 3056 ἀν

142 3091 317 3181 ᾑρημένη
335 3087 418 3159 κατά
432 3090 507 3158 τότε
523 3088 603 3176 εἶχε·
625 3088 849 3175 καταρρήξασι
865 3089 900 3154 δὲ
917 3085 1027 3153 ούκέτι
1048 3093 1141 3172 ἔμενε

76 3217 126 3270 κον
140 3189 178 3264 τό
198 3189 312 3278 ὅρκιον
326 3187 410 3257 κατὰ
425 3190 546 3276 χαλρην.
596 3185 684 3266 Τοῦς
698 3189 760 3273 μέν
770 3212 836 3253 νυν
848 3183 1062 3263 αἰτιωτάτους
1076 3192 1143 3251 τῶν

143 3295 321 3377 Βαρκαίων
337 3285 357 3375 ἡ
375 3295 555 3377 Φερετίμη,
581 3287 687 3355 ἐπείτε
708 3291 742 3355 ολ
753 3290 790 3354 ἐκ
806 3291 874 3352 τῶν
883 3288 1042 3372 Περσέων
1057 3310 1143 3372 παρ-

129 3388 326 3481 εδολδησαν,
356 3385 603 3461 ἀνεσκολόπισε
628 3387 741 3478 κύκλῳ
763 3391 824 3451 τοῦ
848 3389 990 3468 τείχεος,
1015 3392 1083 3451 τῦν
1109 3389 1145 3452 δέ
