2354 3840
310 217 394 276 LlB.
425 220 469 275 111.
503 219 603 276 CAP.
635 224 777 282 30—34.
984 221 1048 284 229

39 373 93 440 καὶ
106 367 225 441 τόν
184 399 208 459 μ
209 371 443 461 δνΚαμβύσην
458 373 603 462 ἥδεσθαι
613 377 814 467 θηεύμενον,
829 379 891 468 τήν
906 384 943 451 δὲ
958 406 1044 470 παρ

38 470 166 557 ημένην
181 472 351 555 δακρνειν.
396 473 583 561 Καμβύσην
601 475 638 542 δ
653 477 808 562 μαθόντα
830 486 929 550 τοῦτο
954 484 1045 551 έπεί-

37 576 176 654 ρεσθαι,
198 566 284 637 διότι
306 570 463 658 δακρύει,
488 567 549 658 τήν
572 572 664 642 δδί
632 580 754 663 εἰπεῖν,
777 575 822 658 ὥς
843 579 1017 648 ἰδοῦσα
982 608 1044 649 τον

34 662 188 732 σκύλακα
217 671 265 756 τῷ
289 664 442 759 ἀδελφεῷ
472 670 706 758 τιμωρήσαντα
731 676 925 765 δακρύσειε,
957 706 1044 766 μνη-

34 761 158 830 σθεῖσά
176 788 212 831 τε
225 766 392 852 Σμέρδιος
412 770 468 835 καὶ
487 767 704 855 μαθούσα,“
682 797 727 851 ως
730 771 912 893 έκείνμ’
872 801 935 843 ουκ
951 774 1037 862 είη
1022 804 1041 847 ο

32 859 243 981 τιμωρήσων.
289 859 446 951 Ἕλληνες
465 866 528 963 μὲν
543 863 584 952 δή
607 864 662 935 διά
683 876 783 938 τοῦτο
805 869 843 940 τό
861 879 940 952 ἔπος
960 877 1042 961 φασδ

32 955 144 1045 αάτήν
154 956 372 1030 ἀπολέσθαι“
354 988 420 1032 υπο
409 954 641 1053 Καμβύσεω,
652 968 832 1054 Αἰγύπτιοι
848 969 924 1039 δὲ’
902 999 946 1052 ως
959 999 1042 1059 τρα-

30 1060 114 1146 πέζη
138 1064 411 1148 περικατημένων
435 1071 607 1152 λαβοῦσαν
632 1069 779 1153 θρίδακα
804 1066 867 1155 τήν
896 1087 1041 1156 γυναῖκα

31 1163 198 1242 περιτῖλαι
213 1158 269 1224 καί
285 1159 569 1246 έπανείρεσθαι
534 1187 594 1230 τον
610 1160 734 1249 ἀνδρα,
756 1164 895 1249 κότερον
909 1191 1041 1252 περιτε-

32 1249 211 1340 τιλμένη“
189 1280 210 1339 η
227 1253 366 1323 δασέα’
347 1283 370 1373 η
391 1261 513 1341 θρίδαξ
528 1261 630 1326 ἐοῦσα
651 1268 701 1345 είη
722 1267 884 1347 καλλίων,
907 1261 1040 1330 καὶτὸν

32 1349 141 1435 φάναι
158 1350 356 1437 δασέαν,
320 1377 382 1439 την
403 1349 434 1418 δ’
453 1358 574 1421 είπείν
618 1355 752 1440 Ταύτην
766 1358 880 1442 μέντοι
897 1364 973 1427 κοτὲ
994 1356 1037 1428 σύ

31 1442 94 1531 τήν
115 1449 263 1530 θρίδακα
279 1447 459 1535 ἐμιμήσαο,
481 1446 542 1516 τόν
554 1449 728 1537 Κύρου
695 1475 789 1519 οικον
810 1450 1034 1536 ἀποψιλώσας

35 1538 105 1609 Τόν
120 1540 158 1610 66
177 1547 385 1629 θυμωθέντα
406 1543 650 1632 έμπηδήσαι’
608 1555 696 1636 αυτή.
713 1548 835 1639 ε’χούση
856 1555 893 1620 έν
908 1557 1037 1642 γαστρὶ,

30 1645 91 1707 καί
111 1663 171 1724 μιν
191 1638 405 1726 έκτράσασαυ
425 1639 621 1712 ἀποθανεῖν.
677 1652 789 1713 Ταῦτα
814 1650 876 1771 μὲν
899 1653 932 1729 ές
959 1650 1086 1730 τούςος

30 1742 120 1823 οίκηί
121 1761 180 1815 ους
194 1763 212 1805 ο
200 1733 412 1826 ’Καμβύσης
427 1740 577 1831 ξεμανη,
584 1751 648 1810 εἴτε
663 1740 703 1828 δή
720 1741 824 1810 διά
789 1770 851 1812 τον
860 1740 957 1815 Ακιυ
972 1757 1037 1815 είτε

24 1844 82 1910 καί
109 1840 236 1930 άλλως,
264 1837 318 1910 οἷα
344 1844 450 1912 πολλά
478 1849 564 1913 ἔωθε
590 1842 795 1933 ἀνθρώπους
822 1844 908 1911 κακά
935 1871 1039 1912 κατα-

26 1940 225 2030 λαμβάνειν·
263 1942 320 2010 καὶ
346 1943 411 2031 γάρ
435 1970 509 2012 τινα
533 1947 570 2011 έκ
596 1949 714 2031 γενεῆς
736 1948 864 2012 νούσου
889 1943 1039 2031 μεγάλην

28 2045 160 2129 λέγεται
174 2047 261 2129 ἔχειν
275 2039 294 2110 ὁ
309 2040 509 2129 Καμβύσης,
524 2038 586 2127 τήν
600 2038 678 2126 ίρήν
696 2036 919 2124 ούνομάζονσι
934 2045 1031 2118 τινές.

30 2140 74 2209 ού
86 2141 156 2209 νύν
167 2165 219 2210 τοι
230 2139 337 2219 ἀεικὲς
348 2137 450 2208 οὐδὲν
458 2131 503 2226 ήν
513 2145 575 2206 τοῦ
587 2137 738 2224 σάματος
748 2142 876 2206 νοῦσον
885 2137 1034 2225 μεγάλην

27 2241 206 2318 νοσέοντος
220 2238 304 2327 μηδὲ
317 2235 376 2318 τάς
390 2239 516 2324 φρένας
532 2233 707 2321 ὑγιαίνειν.
757 2233 844 2303 Τάδε
859 2233 890 2301 δ’
906 2237 940 2314 ές
954 2233 1033 2313 τούς
1048 2261 1084 2316 ³4

27 2337 294 2424 ἀλλονςΠέρσας
308 2335 464 2422 ἐξεμάνη
485 2330 669 2420 λέγεται
629 2358 695 2420 γαρ
711 2358 727 2399 ε
727 2338 816 2401 πείν
830 2328 935 2398 αὐτόν
949 2328 1033 2415 πρὸς

26 2433 249 2522 Πρηξάσπεα,
270 2431 332 2502 τόν
352 2435 444 2519 ἐτίμα
460 2457 497 2500 τε
516 2431 658 2516 μάλιστα
679 2455 735 2496 και
730 2427 842 2496 ’“οί
805 2454 863 2506 τας
878 2425 1068 2513 ἀγγελίας

26 2529 149 2617 έφόρεε
166 2523 280 2617 οὗτος,
301 2530 425 2598 τούτου
444 2554 480 2596 τε
501 2525 519 2596 6
525 2540 618 2649 ,nats
638 2518 830 2610 οίνοχόος
808 2551 901 2616 ην
869 2533 915 2592 τῶ
936 2532 1032 2611 Καμ-

25 2631 135 2719 βύση,
156 2627 233 2715 τιμή
255 2631 292 2697 66
312 2631 368 2698 καὶ
388 2626 473 2714 αύτη
494 2624 536 2694 ού
557 2622 735 2712 σμικρή,ε
719 2630 825 2692 εἰπεῖν
847 2623 883 2692 δὲ
903 2624 1033 2710 λέγεται

25 2728 125 2797 τάδε·
146 2725 362 2813 Πρήξασπες,
373 2726 469 2794 κοῖόν
482 2727 526 2812 μέ
537 2750 612 2793 τινα
626 2727 798 2808 νομίζουσι
808 2724 936 2807 Πέρσαι
947 2721 1033 2791 εἶναι

26 2823 153 2911 ἀνδρα,
174 2829 267 2902 τίνας
286 2849 323 2891 τε
342 2824 465 2910 λόγους
484 2824 561 2908 περὶ
585 2825 660 2908 έμέο
681 2827 871 2904 ποιεῦνται,
907 2817 975 2887 Τόν
997 2821 1035 2886 δέ

26 2928 149 2992 είπείν·
177 2912 216 2988 Ὦ
231 2922 391 3008 δέσποτα,
415 2919 456 2988 τά
473 2920 535 3007 μὲν
549 2918 634 2989 ἀλλα
648 2920 758 3003 πάντα
772 2918 924 3005 μεγάλως
938 2918 1034 2983 έπαι-

26 3024 135 3108 υέεαι,
161 3027 201 3109 τῇ
225 3023 262 3088 66
286 3028 437 3112 φιλοινίη
462 3031 501 3090 σε’
524 3041 606 3109 φασι
627 3021 777 3100 πλεόνως
797 3020 1031 3107 προσκέεσθαι.

29 3116 154 3189 Τόν
113 3121 176 3206 μ
155 3117 232 3207 νδή
248 3123 358 3207 λέγειν
377 3127 482 3189 ταῦτα
496 3123 572 3208 περὶ
585 3121 761 3207 Περσέων,
781 3115 842 3184 τόν
856 3118 892 3183 66
912 3125 1034 3201 θυμω-

25 3219 131 3286 θέντα
154 3216 319 3287 τοισίδε’
300 3245 363 3305 αμε
364 3225 515 3307 ίβεσθαι·
555 3215 672 3287 Νύν’
656 3217 722 3303 ἀρα
744 3218 788 3301 μέ
805 3230 888 3300 φασι
906 3215 1034 3300 Πέρσαι

25 3325 108 3407 οίνφ
118 3325 363 3404 προσκείμενον
373 3319 623 3404 παραφρονέειν
634 3311 740 3383 καλ’
701 3339 763 3381 ουκ
775 3311 859 3380 εἶναι
871 3312 1031 3399 νοήμονα.

24 3408 142 3480 ούδ”’
118 3439 184 3498 αρα
199 3418 313 3505 σφέων
328 3421 362 3485 oc
373 3416 532 3499 πρότεροι
545 3414 641 3499 λόγοι
655 3407 743 3501 ἦσαν
757 3408 907 3498 ἀληθέες.
938 3406 1034 3543 Πρό-
