2354 3840
138 207 203 268 ³60
517 209 768 268 HERODOTI

137 371 239 455 λόγον
254 377 342 438 σιτία
363 374 397 436 οί
418 369 577 436 ἐνιαυτοῦ
597 374 853 453 καταλείπουσι,
880 367 976 438 αὐτοὶ
1000 372 1039 439 δέ
1061 368 1143 437 ἀνα-

136 465 275 553 χθέντες
289 469 326 535 ἐκ
341 472 400 552 τῆς
412 464 521 551 νήσου
536 467 591 532 καὶ
605 463 798 550 γλιχόμενοι
804 468 984 552 Αἰγύπτου
998 475 1142 552 ἔπλωον,

135 561 386 654 ἀποφερόμενοι
408 559 582 649 ἀπηλιάτη
605 557 737 649 ἀνέμῳ.Ι
763 566 818 630 καί
845 560 888 632 οά
908 563 975 653 γάρ
987 560 1080 635 ἀνίει
1105 563 1142 634 εδ

134 670 284 748 πνεῦμα,
302 661 485 746 Ἡρακλέας
501 659 623 746 στήλας
639 663 916 747 διεκπερήσαντες
930 661 1096 733 ἀπίκοντο
1109 668 1141 743 ἐς

138 756 350 847 Ταρτησσὸν,
382 766 462 847 θείη
486 764 601 846 πομπῇ
630 757 815 844 χρεόμενοι.
849 757 887 828 τδ
914 763 951 829 δὲ
978 762 1141 848 ἐμπόριον

133 865 233 925 τοῦτο
246 850 291 945 ἦν
305 853 477 942 ἀκήρατον
487 860 609 921 τοῦτον
622 850 684 921 τάν
696 854 839 940 χρόνον,
856 854 941 924 ὥστε
950 853 1139 944 ἀπονοστή-

133 976 251 1032 σαντες
275 945 369 1020 οότοι
392 947 498 1019 ὀπίσω
516 952 654 1038 μέγιστα
676 949 717 1038 δή
727 949 896 1040 Ἑλλήνων
918 955 1059 1024 πάντων
1072 964 1140 1023 τῶν

132 1051 226 1142 ἡμεῖς
244 1050 416 1141 ἀτρέκειαν
433 1055 530 1137 ῖδμεν
545 1051 582 1117 ἐκ
604 1057 754 1136 φορτίων
773 1053 974 1139 ἐκέρδησαν,
998 1055 1083 1140 μετά
1102 1079 1138 1138 γε

132 1150 337 1237 Σώστρατον
360 1147 422 1219 τὸν
441 1150 683 1237 Λαοδάμαντος
703 1151 904 1240 Αἰγινήτην·
938 1155 1046 1248 τούτῳ
1073 1155 1140 1243 γάρ

130 1246 195 1320 οὐκ
210 1243 265 1317 οἷά
278 1251 316 1316 τέ
328 1251 397 1317 ἐστι
413 1251 521 1335 ἐρίσαι
543 1249 655 1319 ἄλλον.
679 1255 714 1319 σί
726 1252 762 1319 δὲ
774 1252 900 1340 Σάμιοι
913 1253 977 1342 τήν
993 1257 1140 1343 δεκάτην

129 1359 197 1420 τῶν
220 1353 418 1437 ἐπικερδίων
439 1350 604 1431 ἐξελόντες
626 1354 659 1431 ἐξ
674 1352 819 1420 τάλαντα
837 1355 1037 1443 ἐποιήσαντο
1055 1367 1139 1442 χαλ-

129 1450 226 1538 κήιον
250 1455 415 1535 κρητῆρος
439 1446 636 1535 Ἀργολικοῦ
663 1449 807 1536 τρόπον,
842 1453 936 1539 πέριξ
963 1455 1001 1521 δὲ
1030 1451 1139 1522 αὐτοῦ

127 1556 270 1636 γρυπῶν
284 1551 427 1635 κεφαλαὶ
440 1550 651 1636 πρόκροσσοί
662 1555 742 1636 είσι,
771 1553 826 1619 καὶ
842 1548 1018 1638 ἀνέθηκαν
1043 1555 1078 1630 ἐς
1098 1548 1135 1620 τό

120 1645 283 1731 Ἥραιον,
305 1642 556 1733 ἀποστήσαντες
570 1642 661 1734 αὐτῷ
675 1659 763 1730 τρεῖς
775 1649 937 1733 χαλκέους
950 1645 1137 1739 κολοσσούς

47 1766 50 1773 ·
129 1744 349 1830 ἑπταπήχεας,
367 1756 453 1810 τοῖσι
463 1741 607 1827 γούνασι
624 1745 888 1830 ἐρηρεισμένους.
912 1751 1136 1830 Κυρηναίοισι

129 1846 165 1912 δὲ
190 1846 245 1911 καὶ
262 1849 439 1930 Θηραίοισι
465 1842 499 1918 ἐς
513 1847 666 1926 Σαμίους
691 1838 757 1908 ἀπὸ
788 1841 911 1909 τούτου
941 1847 1003 1908 τοῦ
1032 1847 1138 1929 ἔργον

63 1949 112 2004 15³
126 1950 241 2027 πρῶτα
270 1951 378 2029 φιλίαι
393 1940 534 2028 μεγάλαι
556 1940 827 2027 συνεκρήθησαν.
874 1945 919 2009 Οί
935 1942 971 2008 δὲ
992 1950 1135 2027 Θηραῖοι

127 2044 235 2109 ἐπείτε
267 2037 327 2107 τόν
341 2038 521 2125 Κορώβιον
535 2037 691 2116 λιπόντες
701 2039 739 2105 ἐν
759 2044 800 2126 τῇ
816 2038 909 2127 νήσςο
924 2033 1088 2105 ἀπίκοντο
1102 2039 1137 2114 ἐς

125 2134 188 2223 τήν
205 2135 339 2220 Θήρην,
371 2133 578 2221 ἀπήγγελον,
603 2133 647 2212 ὥς
668 2156 729 2219 σφι
753 2143 803 2218 εῖη
824 2140 926 2220 νήσας
947 2135 1000 2201 ἐπὶ
1021 2135 1134 2222 Λιβύη

127 2239 310 2321 ἐκτισμένη.
338 2239 513 2319 Θηραίοισι
528 2236 563 2299 δὲ
579 2237 655 2299 ἕαδε
670 2231 838 2318 ἀδελφεόν
848 2258 884 2300 τε
895 2227 949 2300 ἀτί
964 2229 1135 2319 ἀδελφεοῦ

127 2336 270 2418 πέμπειν
285 2330 380 2420 πάλῳ
401 2330 562 2416 λαχόντα,
587 2333 642 2398 καί
658 2327 722 2398 ἀπὸ
746 2337 815 2397 τῶν
835 2329 954 2416 χοίρων
969 2328 1135 2397 ἀπάντων

127 2428 207 2500 έπτά
224 2429 350 2498 ἐόντων
371 2428 514 2515 ἀνδρας,
536 2427 621 2497 εἶναι
643 2432 682 2496 δέ
701 2450 816 2515 σφεων
837 2433 892 2498 καί
908 2426 1060 2517 ἡγεμόνα
1076 2431 1131 2497 καὶ

125 2530 263 2617 βασιλέα
282 2529 421 2596 Βάττον.
453 2527 542 2594 οὕτω
564 2525 604 2612 δή
630 2528 804 2595 στέλλουσι
824 2526 887 2595 δόο
908 2528 1129 2613 πεντηκοντέ·

125 2652 207 2714 ρους
221 2630 254 2705 ἐς
270 2625 332 2712 τήν
345 2628 509 2694 Πλατέαν.
1051 2626 1055 2634 '

60 2744 109 2802 154
213 2731 325 2791 Ταῦτα
346 2722 383 2790 δέ
408 2734 548 2810 Θηραῖοι
579 2728 732 2811 λέγουσι,
761 2724 802 2792 τά
832 2723 864 2792 δ’
889 2729 1042 2793 ἐπίλοιπα
1069 2731 1130 2794 τοῦ

125 2825 231 2910 λόγου
248 2823 478 2908 συμφέρονται
498 2821 562 2909 ήδη
580 2832 720 2911 Θηραῖοι
741 2829 972 2910 Κυρηναίοισι.
1012 2831 1129 2910 Κυρη-

124 2938 213 2991 ναῖοι
241 2918 306 3007 γάρ
331 2917 372 2987 τά
394 2925 470 3008 περὶ
486 2922 617 2989 Βάττον
644 2920 799 3008 οὐδαμῶς
824 2919 1044 3009 ὁμολογέουσι
1059 2930 1129 3006 Θη-

124 3029 256 3108 ραίοισι.
278 3023 413 3108 λέγουσι
427 3018 492 3106 γάρ
508 3019 614 3088 οὕτω·
627 3026 695 3088 ἐστι
705 3027 763 3107 τῆς
769 3020 904 3108 Κρήτης
915 3018 1005 3100 Ἀξάς
1019 3019 1129 3105 πόλις,

124 3122 161 3188 ἐν
182 3125 222 3207 τῇ
237 3121 367 3204 ἐγένετο
380 3116 549 3205 Ἐτέαρχος
560 3116 734 3204 βασιλεὺς,
760 3114 797 3196 δς
808 3119 861 3185 ἐπὶ
877 3119 1023 3205 θυγατρὶ
1039 3115 1129 3204 ἀμή-

125 3243 212 3303 τορι,
238 3223 278 3304 τῇ
295 3214 426 3304 οὕνομα
446 3210 490 3304 ήν
502 3223 673 3304 Φρονίμη,
699 3219 752 3284 ἐπὶ
774 3217 879 3306 ταότη
900 3223 1002 3304 ἐγημε
1020 3216 1129 3303 ἀλλην

122 3327 274 3401 γυναῖκα.
301 3311 321 3399 ἡ
337 3318 373 3383 δέ
388 3319 617 3385 ἐπεσελθοῦσα
633 3318 784 3384 ἐδικαίου
801 3313 886 3383 εἶναι
907 3318 963 3383 καὶ
978 3319 1025 3404 τῷ
1040 3319 1128 3404 ἔργῳ

120 3409 264 3501 μητρνιή
281 3419 321 3502 τή
336 3421 506 3503 Φρονίμη,
532 3414 725 3501 παρέχουσά
744 3440 780 3481 τε
802 3412 889 3482 κακά
907 3418 963 3484 καί
982 3421 1053 3483 κάν
1069 3408 1124 3483 ἐπ’
