2354 3840
135 201 199 267 ³26
511 199 764 257 HERODOTI

135 364 337 451 ἐσβάλλουσι
358 363 392 440 ές
412 358 549 444 σκάφην
563 361 722 442 κειμένην
739 359 777 423 έν
796 361 887 448 μέσῳ
900 367 971 427 τῶν
985 358 1098 440 ξύλων
1109 385 1139 426 τε
1166 396 1168 401 ·

92 465 192 539 λίκαλ
212 469 280 530 τῶν
301 467 417 529 πίλων.
453 456 545 526 Ἔστι
566 458 606 522 δέ
619 473 681 538 σφι
695 455 858 541 κάνναβις
877 461 1037 543 φυομένη
1056 460 1138 543 έντῇ

135 562 246 650 χάρη,
267 558 357 646 πλὴν
378 556 565 643 παχύτητος
586 557 640 621 καὶ
654 554 823 639 μεγάθεος
836 561 884 644 τῷ
903 562 988 646 λίνφ
1004 557 1156 653 έμφερεχ

137 658 248 743 στάτη.
272 656 377 744 ταύτη
388 655 424 721 δέ
439 659 551 743 πολλῷ
564 649 749 735 ὑπερφέρει
762 647 784 736 ἡ
796 650 969 738 κάνναβις.
993 650 1078 738 αὕτη
1087 653 1132 719 τά

136 752 307 839 αὐτομάτη
326 753 380 819 καί
395 753 597 837 σπειρομένη
613 749 752 833 φύεται,
775 749 831 815 καί
841 750 874 828 έξ
889 746 994 835 αὐτῆς
1004 749 1130 837 Θρήικες

137 854 200 940 μὲν
214 853 270 919 καί
285 854 401 936 εἵματα
416 857 589 918 ποιεῦνται
600 863 685 916 τοῖσι
698 850 840 915 λινέοισι
853 845 1043 934 ὁμοιότατα.
1066 845 1128 917 οὐδ’

138 945 199 1033 ἀν,
222 946 313 1027 ὅστις
328 946 371 1035 μη
389 948 494 1036 κάρτα
508 956 634 1035 τρίβων
649 956 700 1032 είη
715 944 834 1032 αὐτῆς,
852 950 1025 1035 διαγνοίη,
1046 953 1129 1015 λίνον

138 1043 161 1132 ἦ
177 1046 361 1134 καννάβιός
379 1048 463 1114 έστι·
486 1043 522 1123 ὂς
538 1044 574 1113 δέ
588 1041 632 1130 μὴ
650 1042 717 1111 εἶδέ
729 1069 779 1111 κω
792 1042 855 1130 τὴν
870 1046 1075 1133 καννάβιδα,
1088 1049 1128 1112 λί-

94 1163 129 1221 75
140 1171 220 1214 νεον
236 1145 371 1233 δοκήσει
386 1143 470 1212 είναι
487 1143 524 1211 τὸ
542 1140 625 1230 εἷμα.
674 1142 804 1228 Ταύτης
820 1135 869 1210 ιύν
886 1149 921 1212 οί
932 1144 1071 1213 Σκύθαι
1082 1151 1128 1231 τῆς

139 1245 323 1333 καννάβιος
339 1241 376 1312 τύ
399 1246 529 1329 σπέρμα
551 1239 653 1310 έπεάν
673 1236 818 1328 λάβωσι,
840 1239 1052 1310 ὑποδύνουσι
1073 1239 1127 1310 ὐτδ

137 1341 217 1422 τούς
241 1350 376 1430 πίλους,
401 1345 456 1410 καί
481 1347 611 1410 ἔπειτεν
635 1338 854 1426 ἐπιβάλλουσι
877 1338 915 1407 τό
938 1343 1069 1429 σπέρμα
1087 1344 1127 1410 έτλ

137 1439 217 1520 τούς
233 1444 415 1526 διαφανέας
436 1446 556 1516 λίθους
580 1444 625 1527 τῷ
646 1443 744 1521 πυρί·
767 1435 804 1506 τὸ
827 1440 864 1505 δὲ
884 1446 1049 1526 θυμιᾶται
1069 1443 1084 1508 έ
1112 1476 1124 1490 ·

138 1540 348 1628 βαλλόμενον
365 1540 420 1606 καὶ
438 1536 557 1623 ἀτμίδα
572 1538 748 1621 παρέχεται
762 1536 947 1623 τοσαύτην,
971 1535 1055 1605 οἷστε
1067 1536 1126 1606 Ἑλ·

136 1636 256 1726 ληνικη
265 1634 404 1722 οὐδεμία
416 1634 459 1702 ἀν
470 1661 529 1721 μιν
540 1641 643 1721 πυρίη
651 1633 902 1721 ἀποκρατήσειε.
921 1635 1125 1704 omum

139 1735 302 1822 ἀγάμενοι
322 1741 363 1822 τῇ
379 1740 483 1821 πυρίη
505 1729 688 1819 ἀρύονται·
720 1733 821 1802 τοῦτό
835 1752 897 1818 σφι
908 1731 984 1803 ἀντὶ
996 1737 1125 1822 λουτροῦ

139 1837 222 1902 ἐστί’
248 1827 289 1898 οὐ
304 1827 369 1917 γάρ
392 1827 432 1918 δὴ
454 1837 593 1899 λοῦνται
614 1829 712 1898 ὐδατι
736 1827 773 1898 τὸ
796 1830 958 1918 παράπαν
977 1830 1015 1901 τὸ
1030 1839 1125 1918 σῶμα·

139 1936 176 2000 αί
195 1931 230 1998 δὲ
245 1945 402 2016 γυναῖκες
425 1927 537 1997 αὐτῶν
551 1927 645 2015 ὕδωρ
663 1930 889 2015 παραχέουσαι
912 1928 1130 2016 κατασώχουσι,

139 2032 215 2116 περὶ
229 2034 330 2097 λίδον
351 2025 478 2114 τρηχύν
492 2034 550 2114 τῆς
569 2034 781 2112 κυπαρίσσου
797 2030 853 2095 καί
869 2030 994 2112 κέδρου
1015 2029 1069 2095 καί
1086 2032 1124 2093 λι·

138 2126 249 2214 βάνου
261 2124 380 2209 ξύλου,
397 2129 451 2194 καί
462 2132 592 2194 έπειτεν
602 2122 639 2193 τὸ
652 2122 930 2210 κατασωχόμενον
943 2131 1044 2193 τοῦτο
1054 2118 1124 2210 παχά

139 2222 197 2292 έόν
211 2222 500 2290 καταπλάσσονται
511 2230 579 2289 πᾶν
590 2220 627 2289 τὸ
645 2229 739 2309 σῶμα
750 2225 805 2290 καὶ
815 2219 853 2290 τὰ
865 2223 1065 2307 πρόσωπον·
1083 2220 1125 2289 τά

139 2318 208 2407 άμα
223 2319 285 2406 μέν
301 2316 422 2406 εὐωδίη
438 2323 541 2406 σφέας
557 2317 622 2388 ἀπὸ
638 2319 762 2388 τούτου
777 2329 878 2407 ίσχει,
902 2317 971 2405 ἅμα
988 2320 1027 2388 δὲ
1040 2317 1127 2388 ἀπαι·

139 2419 277 2507 ρέουσαι
293 2424 333 2506 τῇ
357 2419 496 2507 δευτέρη
515 2415 620 2507 ἡμέρη
646 2415 709 2505 τὴν
734 2416 971 2487 καταπλαστύν
991 2427 1125 2505 γίνονται

139 2518 287 2601 καθαραὶ
302 2519 356 2583 καὶ
369 2523 525 2603 λαμπραί.

95 2635 129 2694 ης
225 2618 404 2688 Ξεινικοσσι
426 2613 462 2682 δέ
486 2622 654 2702 νομαίοισι
679 2618 734 2684 καὶ
757 2608 850 2684 οὗτοι
872 2622 974 2696 αίνώς
996 2623 1129 2704 χρᾶσθαι

140 2709 323 2797 φεύγουσι,
352 2711 397 2797 μή
427 2716 462 2778 τί
476 2736 515 2794 νε
531 2714 599 2778 τῶν
624 2711 752 2801 ἀλλων,
777 2710 1000 2800 Ἑλληνικοῖσι
1027 2713 1063 2781 δὲ
1085 2712 1128 2780 κά

45 2886 48 2893 ,
139 2805 274 2894 ἥκιστα,
305 2803 349 2884 ὡς
370 2811 520 2888 διέδεξαν
540 2808 717 2898 Ἀναχάρσι
740 2838 776 2879 τε
802 2816 857 2880 καί
882 2811 1024 2899 δεύτερα
1047 2804 1129 2886 αὐτας
1163 2808 1168 2885 ,!

138 2907 266 2994 Σκύλη.
290 2911 388 2973 τοῦτο
409 2907 472 2993 μέν
492 2904 556 2995 γάρ
575 2906 770 2997 Ἀνάχαρσις
801 2911 907 2978 έπείτε
932 2917 998 2997 νῆν
1015 2905 1131 2996 πολλὴν
1166 2942 1168 2947 ·

138 3005 316 3093 θεωρήσας
329 3007 386 3074 καί
400 3004 647 3095 ἀποδεξάμενος
662 3006 735 3077 κατ’
753 3005 860 3095 αὐτην
875 3014 1000 3095 σοφίην
1014 3005 1133 3095 πολλὴν

139 3107 303 3189 ἐκομίζετο
332 3102 364 3180 ές
392 3098 479 3185 ἤθεα
509 3099 549 3168 τά
574 3102 758 3185 Σκυθέων,
789 3103 912 3172 πλάσιν
940 3105 986 3175 δι’
1005 3105 1133 3195 Ἑλλησ-

138 3199 266 3269 πόντου
286 3209 456 3288 προσίσχει
480 3205 513 3281 ές
532 3202 696 3291 Κύζικον,
724 3208 779 3273 καὶ
792 3196 879 3294 ἐὐρε
899 3204 964 3292 γάρ
985 3205 1133 3296 τῇΜητρί

169 3304 185 3322 ”
220 3306 312 3368 θεῶν
327 3298 514 3388 ἀνάγοντας
529 3299 609 3380 τούς
619 3301 830 3390 Κυζικηνοὺς
846 3299 950 3391 ὁρτὴν
963 3303 1072 3391 κάρτα
1085 3328 1127 3390 με·

68 3304 390 3600 Ἱσπρεπέως,
414 3398 531 3480 εὐξατο
558 3400 720 3489 τῇΜητρλ
742 3400 759 3469 ὁ
780 3399 992 3489 Ἀνάχαρσις,
1012 3395 1135 3486 ἢνσόος
