2354 3840
192 247 194 250 .
284 206 366 263 Lm.
399 207 418 262 1.
452 204 550 264 οΑν.
582 211 758 266 κιο-ιιι.
862 290 868 295 -
960 197 1023 291 113¹

20 386 72 451 της
88 360 240 451 ὑπόλαβε
255 360 315 431 τὸν
334 361 455 448 λόγον·
479 358 628 441 άποδούς
648 387 705 449 μοι
722 387 783 430 τον
802 367 905 432 παῖδα
920 359 1017 430 άπνθι

20 468 50 532 g„
66 465 169 550 τῆσδε
182 468 240 549 τῆς
254 460 363 549 κούρης
378 457 531 547 ἀζήμιος,
552 463 802 546 Μασσαγετέων
816 464 1022 546 τριτημορίδι

20 567 73 628 τοῦ
92 564 237 643 στρατοῦ
270 565 487 647 κατυβρίσας·
537 563 569 628 εί
593 555 631 626 δδ
655 560 760 624 ταῦτα
791 551 832 624 ού
859 555 1017 642 ποιήσεις,

20 656 112 745 ήλιον
126 656 297 742 ἐπόμνυμί
306 679 358 722 τοι
372 651 434 721 τδν
443 655 694 739 Μασσαγετέων
709 652 892 737 δεσπότην,
914 645 936 739 ή
953 652 1021 739 μήν

20 772 50 821 σε
65 750 131 840 έγοδ
147 754 203 821 καὶ
216 750 387 839 άπληστον
402 751 500 821 έόντα
511 753 649 837 αἵματος
659 755 796 835 κορέσω.
830 756 945 837 Κῦρος
958 751 1021 835 μέν
1037 763 1091 819 21³

20 880 79 922 νυν
100 860 169 920 τῶν
184 854 291 922 έπέων
306 848 429 919 ούδένα
449 851 580 919 τούτων
596 848 861 937 ἀνενειχθέντων
875 850 1020 917 ἐποιέετο

20 953 134 1039 λόγον,
155 948 173 1020 δ
192 955 229 1019 δέ
242 957 301 1038 τῆς
315 956 483 1037 βασιλείης
498 949 664 1037 Τομύριος
679 962 756 1026 παις
766 953 1020 1032 Σπαργαπίσης,

20 1047 59 1126 άς
76 1074 136 1134 μιν
158 1048 179 1115 δ’
202 1074 236 1116 τε
252 1046 343 1126 οἶνος
362 1044 466 1133 ἀνῆκε
480 1048 534 1115 καὶ
549 1053 655 1134 ἔμαθε
669 1049 725 1115 ἵνα
740 1039 785 1133 ήν
800 1050 922 1128 κακοῦ,
944 1047 1021 1129 δεη-

20 1146 87 1223 θεὶς
99 1144 218 1231 Κύρου
234 1147 270 1214 έκ
284 1151 352 1214 τάν
368 1150 500 1232 δεσμῶν
510 1153 660 1232 λυθῆναι
676 1151 786 1232 έτυχε,
804 1141 898 1224 ὡςδὲ
913 1141 1019 1226 ἐλύθη

20 1268 47 1310 τε
62 1241 199 1327 τάχιστα
220 1244 274 1311 καὶ
290 1249 360 1310 τῶν
379 1250 501 1330 χειρῶν
516 1243 694 1329 ἐκράτησε,
718 1243 920 1330 διεργάζεται
936 1242 1021 1306 έωυ-

20 1340 83 1409 τόν.
106 1341 162 1408 καὶ
175 1336 216 1426 δή
232 1333 331 1420 οὗτος
346 1341 409 1428 μέν
422 1342 535 1432 τρόπῳ
550 1342 691 1432 τοιούτῳ
706 1347 854 1431 τελευτᾷ,
875 1338 1021 1424 Τόμυρις
1036 1362 1088 1416 ηις

20 1440 67 1525 δέ,
91 1434 136 1516 ύς
157 1441 191 1505 οί
228 1440 341 1524 Κύρος
372 1433 434 1503 οὐκ
466 1434 645 1523 έσήκουσε,
683 1435 868 1517 συλλέξασα
909 1443 1021 1504 πᾶσαν

20 1535 75 1626 τήν
88 1540 213 1624 ἑωυτῆς
224 1537 370 1623 δύναμιν
381 1539 544 1622 συνέβαλε
554 1535 668 1626 Κύρῳ.
691 1538 817 1622 ταύτην
828 1533 890 1623 τήν
901 1535 1023 1622 μάχην,

20 1633 89 1702 δ’σαι
107 1630 148 1718 δή
163 1633 347 1721 βαρβάρων
357 1629 493 1718 ἀνδρῶν
504 1633 605 1719 μάχαι
620 1635 791 1719 ἐγένοντο,
809 1639 914 1720 κρίνω
928 1638 1022 1718 ίσχυ-

20 1730 160 1817 ροτάτην
179 1733 355 1817 γενέσθαι,
374 1732 430 1800 καὶ
451 1728 492 1817 δή
513 1731 568 1800 καὶ
581 1731 800 1818 πυνθάνομαι
817 1729 905 1799 ούτω
922 1737 1020 1799 τοῦτο

20 1827 209 1913 γενόμενον.
241 1834 356 1913 προέτω
375 1827 437 1914 μέν
451 1825 516 1915 γάρ
537 1831 666 1914 λέγεται
687 1824 811 1906 αύτούς
825 1828 1022 1907 διαστάντας

20 1928 47 2005 ές
71 1921 238 2011 ἀλλήλους
257 1926 422 2012 τοξεύειν,
450 1924 531 2013 μετά
555 1927 606 2013 δὲ,
636 1925 680 2007 ύς
702 1947 763 2014 σφι
783 1924 822 1994 τά
849 1930 946 2015 βέλεα
969 1929 1021 2006 ἐξ·

20 2021 220 2109 ετετέξευτο,
244 2025 475 2110 συμπεσόντας
495 2031 570 2113 τῆσι
591 2031 728 2114 αἰχμῇσί
736 2049 773 2092 τε
788 2025 843 2094 καὶ
862 2038 947 2093 τοῖσι
966 2024 1021 2108 έγ-

20 2123 201 2209 χειριδίοισι
215 2125 426 2208 συνέχεσθαι.
456 2123 581 2212 χρόνον
603 2148 638 2192 τε
660 2119 701 2210 δή
724 2123 776 2192 έπδ
793 2119 920 2192 πολλὸν
938 2141 1021 2190 συν-

20 2217 152 2289 εστάναι
180 2223 388 2308 μαχομένους
408 2223 464 2291 καλ
489 2221 685 2311 οὐδετέρους
712 2224 843 2293 ἐθέλειν
864 2223 1021 2310 φεύγειν

20 2320 106 2397 ιέλος
128 2316 165 2385 δέ
186 2322 220 2385 ολ
238 2320 458 2406 Μασσαγέται
477 2323 719 2410 περιεγένοντο.
751 2317 776 2408 ή
796 2345 832 2388 τε
853 2317 894 2407 δή
915 2319 1021 2407 πολλή

20 2423 71 2504 τῆς
85 2422 255 2502 Περσικῆς
275 2423 429 2505 στρατιῆς
449 2415 554 2486 αὐτοῦ
575 2418 680 2506 ταύτῃ
700 2416 888 2503 διεφθάρη,
907 2421 961 2487 καὶ
980 2419 1020 2506 δή

20 2516 69 2582 καὶ
93 2508 195 2591 αύτδς
210 2518 323 2601 Κύρος
347 2522 501 2606 τελευτᾷ,
529 2516 730 2604 βασιλεύσας
754 2512 794 2582 τά
816 2515 925 2583 πάντα
948 2513 1022 2594 ένδς

20 2615 134 2680 δέοντα
154 2610 333 2700 τριήκοντα
352 2618 435 2682 έτεα.
466 2610 573 2682 άσκδν
588 2614 624 2682 δὲ
641 2612 794 2702 πλήσασα
809 2616 945 2700 αἵματος
960 2611 1020 2680 άν-

20 2712 195 2796 δρωπηίου
215 2706 360 2796 Τόμυρις
375 2711 500 2797 ἐδίζητο
517 2713 554 2780 έν
573 2725 657 2780 τοῖσι
671 2717 834 2780 τεθνεῶσι
849 2719 918 2780 τῶν
931 2720 1022 2796 Περ-

20 2811 101 2876 σέων
116 2802 177 2873 τδν
192 2806 311 2894 Κύρου
325 2811 446 2896 νέκυν,
464 2806 508 2888 ὡς
520 2811 556 2879 δέ
572 2802 667 2898 εὗρε,
683 2812 827 2898 ἐναπῆκε
843 2806 948 2877 αύτοῦ
960 2808 1021 2895 τῆν

20 2899 167 2992 κεφαλὴν
181 2905 214 2981 ές
228 2900 288 2971 τδν
304 2901 427 2973 άσκόν·
448 2907 678 2993 λυμαινομένη
701 2906 737 2974 δὲ
753 2912 799 2997 τῷ
815 2911 923 2996 νεκρῷ
946 2908 1021 2972 έπέ-

20 3016 92 3093 λεγε
116 3006 212 3075 τάδε·
249 3004 303 3076 Σύ
320 3007 383 3094 μὲν
402 3005 458 3094 ἐμὲ
475 3005 625 3090 ζάονσάν
650 3033 684 3075 τε
708 3007 763 3074 καὶ
786 3006 965 3076 νικέουσάν
983 3027 1020 3075 σε

20 3107 107 3198 μάχη
127 3105 301 3187 άπύλεσας
318 3112 422 3175 παῖδα
440 3105 500 3176 τδν
518 3105 599 3194 έμδν
616 3104 702 3176 έλοδν
715 3105 822 3199 δόλφ,
842 3105 878 3175 σδ
892 3102 926 3175 δ’
943 3106 1019 3194 έγοδ,

20 3206 163 3296 κατάπερ
187 3202 366 3294 ήπείλησα,
392 3210 528 3294 αἵματος
551 3208 687 3296 κορέσω.
731 3205 771 3275 τά
789 3206 851 3294 μὲν
879 3206 920 3295 δή
937 3206 1020 3274 κατά

20 3307 79 3395 τῆν
87 3306 206 3397 Κύρου
224 3304 381 3394 τελευτήν
398 3311 458 3374 τού
471 3311 548 3394 βίον
563 3312 695 3374 πολλῶν
710 3306 820 3393 λόγων
833 3308 1020 3394 λεγομένων

19 3406 75 3477 δ’δε
92 3434 149 3497 μοι
166 3406 186 3474 δ
203 3406 431 3486 πιθανώτατος
449 3415 582 3497 εἴρηται.

100 3513 200 3577 ιιειεοο.
225 3526 241 3578 Ι.
850 3521 868 3578 8

985 3616 1051 3630 ..ha-
