2354 3840
332 116 417 170 ιιε.
451 117 494 170 111.
529 116 628 172 σιν.
663 124 744 177 ιε-
760 128 801 180 ιι.
1009 121 1071 186 219

64 268 256 358 ἐσήμαινον.
298 273 509 358 θωμύσαςδὲ
520 271 778 362 οΚαμβυσης
740 303 781 344 τα
793 286 1068 368 ποιευμεναπέμ-

65 381 130 447 ψας
146 366 291 456 ἀγγελον
307 371 426 455 εἰρώτα
442 367 564 457 αὐτόν,
587 375 694 458 λέγων
714 376 811 442 τώδε·
840 379 1015 463 Δεσπότης
1031 397 1069 447 σε

65 468 266 592 Καμβύσης,
292 470 504 556 Ψαμμήνιτε,
528 475 664 558 εἰρωτᾷ,
686 472 771 540 διότι
786 470 883 559 δη
847 501 909 560 την
924 475 986 560 μὲν
999 484 1069 540 θν-

64 569 187 652 γατέρα
205 565 312 651 ὁρέων
327 570 565 653 κεκακωμένην
585 571 640 636 και
656 567 716 636 τόν
731 574 832 638 παίδα
847 573 899 638 έπί
916 572 1069 638 θάυατον

61 670 234 750 στείχοντα
250 663 327 732 ούτε
342 664 513 752 ἀνέβωσας
527 663 604 733 ούτε
618 663 835 784 ἀγέκλαυσας,
852 667 913 737 τόν
929 674 964 737 δὲ
978 694 1068 736 πτω-

61 758 124 846 χόν
140 757 242 827 οὐδέν
256 780 310 828 σοι
324 761 554 847 προσήκοντα,
570 759 614 840 ώς
629 760 743 831 ’ἀλλων
757 767 985 851 πυνθάνεται,
1001 768 1067 832 έτί-

59 877 186 979 μησας;
202 856 313 944 Ὁμλν
325 855 366 945 δη
381 867 484 926 ταῦτα
496 859 695 945 έπειρώτα,’
680 888 697 928 ο
711 859 741 928 δ
758 860 911 951 ἀμείβετο
925 867 1065 931 τοισίδε·

10 976 14 981 ·
60 950 98 1022 Ὠ
112 979 173 1021 παι
162 954 319 1040 Κνρον
334 981 374 1022 τα
363 953 499 1040 μὲνί
466 982 483 1022 ο
498 983 575 1043 κηια
588 984 632 1044 ην
646 961 731 1044 μέζω
745 958 831 1027 κακά
845 958 866 1046 ἢ
882 961 965 1028 ώστε
983 958 1068 1028 ἀνα-

61 1060 206 1139 κλαίειν,
229 1078 266 1120 το
255 1050 319 1120 δὲ
339 1060 400 1119 τοῦ
421 1056 554 1139 ἑταίρου
573 1057 700 1133 πένθος
720 1052 856 1136 ἀξιον
835 1085 879 1143 ην
895 1059 1064 1144 δακρύων,

58 1148 98 1226 ός
113 1153 150 1216 ἐκ
171 1156 305 1218 πολλῶν
325 1176 361 1217 τε
377 1178 432 1218 και
422 1149 660 1238 εὐδαιμόνων
681 1151 865 1221 ἐκπεσών’
848 1181 880 1232 ες
897 1163 1065 1241 πτωχηίην

58 1244 196 1313 ἀπῖκται
213 1249 266 1314 έπί
280 1247 405 1334 γήραος
418 1246 518 1338 οὐδῷ.
563 1253 629 1316 Καὶ
642 1257 746 1316 ταῦτα
764 1248 808 1328 ώς
824 1249 1063 1336 ἀπενειχθέντα

62 1342 267 1412 ὑπὸτούτου
288 1371 325 1413 ευ
314 1340 469 1414 δοκέειν
481 1364 539 1429 σφι
547 1345 759 1434 εἰρησθαι,
738 1375 783 1426 ως
803 1352 840 1416 δὲ
856 1347 1018 1464 λε’γετμι’
1000 1347 1060 1416 υπ’

60 1447 272 1527 Αἰγυπτίων,
303 1440 462 1527 δακρύειν
479 1441 541 1526 μὲν
555 1449 703 1528 Κροιοον
720 1447 898 1534 (ἐτετεύχεε
919 1443 983 1532 γάρ
1007 1449 1060 1512 καὶ

56 1531 158 1615 οὗτος
180 1526 399 1655 ἐπισπόμενος
415 1539 613 1625 Καμβύση’
596 1563 636 1604 επ
640 1536 874 1627 Ἀἰγυπτον),
900 1541 1060 1627 δακρύειν
1127 1572 1131 1577 ·

57 1640 96 1705 δὲ
110 1639 270 1721 Περσέων
290 1631 370 1712 τούς
390 1635 590 1720 παρεόντας,
612 1633 702 1726 αὐτῷ
725 1663 760 1704 τε
780 1639 946 1725 Καμβύση
967 1642 1061 1705 έσελ-

59 1745 136 1803 θείν
152 1729 265 1799 οἶκτόν
279 1757 373 1814 τινα,
396 1733 450 1798 καί
471 1728 589 1798 αὐτίκα
609 1704 760 1800 κελέύειν
776 1736 836 1802 τόν
851 1738 888 1801 τέ
905 1740 939 1802 οἰ
958 1738 1059 1801 παῖδα

55 1837 94 1902 έκ
101 1856 170 1899 των
181 1828 422 1915 ἀπολλυμένων
433 1829 549 1948 σώζειν
560 1826 668 1895 καί’
626 1827 776 1898 αυτὸνέκ
787 1838 849 1897 τού
859 1839 1058 1916 προαστείου

53 1929 307 2016 ἀναστήσαντας
323 1925 417 2011 ἀγειν
438 1923 517 2010 παρ’
542 1925 675 1992 ἑωυτόν.
724 1926 792 1994 Τόν
808 1929 870 2013 μέν
892 1925 932 2013 δη
953 1931 1054 1993 παιδα
1074 1938 1106 1992 15

56 2023 162 2114 εὗρον
177 2033 211 2096 οἰ
225 2027 393 2114 μετιόντες
407 2023 518 2093 ούκέτι
535 2026 727 2146 περιεόντα,
746 2024 828 2094 ἀλλά
843 2034 976 2112 πρώτον
995 2052 1055 2093 κα-

56 2128 258 2212 τακοπέντα,
280 2122 383 2192 αὐτόν
404 2124 441 2190 δε
465 2122 687 2209 Ψαμμήνιτον
707 2121 950 2211 ἀναστησαντες
971 2117 1056 2210 ἦγον

53 2221 147 2309 παρά
164 2220 366 2309 Καμβύσην
385 2227 471 2288 ἔνθα
487 2247 548 2289 του
533 2227 680 2288 λοιποῦ
695 2226 840 2289 διαιτᾶτο
857 2227 941 2306 ἔχων
956 2217 1056 2288 οὐδὲν

57 2329 177 2396 βίαιον.
208 2325 238 2386 εἰ
225 2317 294 2386 ἰδὲ
314 2321 369 2385 καί
388 2314 556 2413 ἠπιστήθη
577 2344 621 2404 μη
642 2314 1056 2403 πολυπρηγμονέειυ,ἀττε’-

53 2429 137 2507 λαβε
152 2415 196 2485 ἀν
206 2426 379 2502 Αἰγυπτον
395 2414 478 2483 ώστε
495 2417 725 2501 ἐπιτροπεύειν
740 2412 857 2500 αὐτης,
873 2416 942 2479 έπεί
955 2421 1055 2497 τιμᾶν

55 2517 182 2586 ἐώθασι
197 2516 325 2600 Πέρσαι
338 2521 406 2581 τῶν
418 2515 585 2632 βασιλέων
598 2510 677 2591 τούς
692 2515 827 2596 παῖδας,
841 2515 909 2576 τῶν
917 2504 985 2595 ,ἦν
999 2519 1056 2578 καί
1148 2563 1151 2566 .

49 2636 170 2701 σφεων
191 2610 392 2697 ἀποστέωσι,
415 2609 504 2698 ὅμως
524 2619 611 2678 τοῖσί
624 2635 661 2694 γε
683 2612 775 2676 παισί
799 2604 912 2675 αύτών
934 2603 1053 2674 ἀποδω

49 2719 153 2782 δοῦσι
176 2738 238 2796 την
263 2708 378 2799 ἀρχήν.
402 2719 554 2779 πολλοῖσι
584 2711 646 2796 μέν
670 2735 736 2776 νυν
758 2710 813 2776 καί
834 2705 964 2777 ἀλλοισι
986 2713 1054 2775 ἔστι

48 2810 336 2895 σταθμώσασθαι,
358 2806 410 2875 ὅτι
424 2814 522 2877 τοῦτο
541 2806 629 2875 ούτω
644 2815 838 2893 νενομίκασι
853 2809 995 2890 ποιέειν,
1016 2807 1055 2871 ἐν

50 2912 89 2978 δέ
109 2907 149 2996 δὴ
167 2910 222 2976 καί
242 2911 342 2997 τῷδε,
365 2914 410 2996 τῷ
425 2914 551 2993 Λίβυος
567 2904 683 2991 Ἰνάρω
703 2907 796 2972 παιδί
812 2903 988 2990 Θαννύρᾳ,
1016 2901 1053 2979 δς

51 3007 198 3095 ἀπέλαβε
211 3003 274 3094 τήν
288 3011 322 3073 οἰ
335 3002 353 3073 ό
368 3002 477 3090 πατὴρ
500 3003 563 3091 εἰχε
579 3002 700 3090 ἀρχὴν,
722 3005 777 3070 καί
790 3007 836 3092 τῷ
853 2999 1052 3086 Ἀμυρταίου

51 3110 214 3191 Παυσίρι·
240 3106 296 3171 καί
316 3101 382 3189 γάρ
403 3096 501 3182 οὗτος
520 3101 664 3190 ἀπέλαβε
686 3099 747 3188 τὴν
767 3097 969 3185 τοῦπατρὸς
990 3096 1051 3184 ἀρ·
1095 3124 1099 3129 ·

51 3204 129 3289 χήν·
151 3207 259 3270 καίτοι
269 3201 385 3286 Ἰνάρω
400 3226 436 3267 τε
456 3203 510 3269 καί
527 3198 727 3287 >εἰμυρταίου
741 3196 885 3284 ούδαμοί
896 3224 944 3265 κω
961 3195 1051 3282 Πέρ-

51 3321 110 3382 σας
127 3301 214 3369 κακά
234 3302 324 3368 πλέω
344 3299 537 3384 ἐργάσαντο.
566 3308 633 3368 νῦν
650 3303 686 3368 δὲ
702 3296 947 3385 μηχανεόμενος
965 3296 1049 3366 κακδ

1022 3436 1124 3552 t
