2354 3840
72 201 114 262 σο
208 209 212 223 ’
449 201 702 287 ιιιιοοοονι

73 367 239 447 γλῶσσαν,
259 356 342 429 κατά
358 362 393 428 δὲ
408 356 471 447 τὴν
486 355 648 447 Μηδικὴν
662 358 807 428 Σπακό
830 356 892 447 τὴν
906 356 972 446 γὰρ
988 357 1075 427 κόνιι

73 459 226 527 καλέουσι
244 458 354 527 σπάκα
369 463 492 546 Μῆδοι.
516 462 553 528 αί
563 457 599 526 δὲ
613 454 767 544 ὑπώρεαί
780 464 842 526 είσι
854 463 923 525 τῶν
935 454 1075 543 οὐρέων,

73 561 158 623 ἔνθα
182 552 241 634 τάς
266 554 372 642 νομὰς
397 564 465 624 των
480 563 572 643 βοῶν
596 554 660 642 εἶχε
684 548 782 634 οὗτος
805 552 846 642 δὴ
864 553 881 623 ὃ
898 554 1075 642 βουκόλος,

72 650 155 738 πρὸς
175 655 284 740 βορέω
307 680 341 722 τε
368 651 496 738 ἀνέμου
522 659 591 720 τιδν
601 651 816 739 Ἀγβατάνων
836 655 890 720 καλ
910 649 996 740 πρὸς
1016 659 1076 719 τοῦ

72 749 200 817 πόντου
213 758 276 819 τοῦ
290 747 463 831 Εὐξείνου.
500 748 605 838 ταότη
627 750 689 835 μέν
711 746 777 837 μάρ
792 747 813 838 ἡ
831 747 968 836 Μηδικὴ
984 748 1075 837 χώρη

72 844 157 933 πρὸς
178 855 379 935 Σασπείρων
402 845 516 935 ὀρεινή
532 848 600 915 ἐστι
628 846 734 935 κάρτα
762 851 817 916 καὶ
834 847 946 937 ὑψηλή
969 849 1074 916 τεκαὶ

73 951 161 1034 ίδησι
184 946 394 1034 συνηρεφὴς,
418 943 439 1034 ἡ
466 948 502 1015 δὲ
522 944 607 1032 ἀλλη
625 944 760 1034 Μηδικὴ
786 948 878 1036 χώρη
898 951 965 1017 ἐστὶ
985 956 1075 1016 πᾶσα

71 1043 201 1121 ἀπεδος.
240 1045 309 1110 ἐπεὶ
325 1036 374 1112 ἀν
388 1042 406 1113 ὁ
422 1042 587 1131 βουκόλος
603 1047 733 1133 σπουδῇ
753 1053 859 1134 πολλῇ
874 1042 1075 1129 καλεόμενος

72 1141 218 1228 ἀπίκετο,
235 1147 327 1229 ἔλεγε
342 1141 535 1231 δ”Αρπαγος
552 1143 646 1211 τάδε·
679 1143 819 1211 Κελεύει
837 1167 874 1211 σε
892 1141 1075 1228 Ἀστυάγης

70 1238 107 1308 τὸ
123 1245 258 1309 παιδίον
278 1248 376 1308 τοῦτο
392 1240 539 1328 λαβόντα
559 1250 670 1308 θεῖναι
688 1242 721 1318 ἐς
734 1238 771 1308 τὸ
788 1239 992 1328 ἐρημότατον
1009 1245 1075 1306 τῶν

70 1335 218 1425 οὐρέων,
244 1335 332 1417 ὅκως
357 1335 401 1406 ἀν
425 1338 560 1424 τάχιστα
587 1344 801 1426 διαφθαρείη.
836 1339 891 1406 καὶ
918 1336 998 1404 τάδε
1024 1361 1072 1414 τοι

69 1435 223 1506 ἐκέλευσε
241 1441 355 1521 εἰπεῖν,
371 1432 415 1523 ἢν
431 1433 474 1523 μη
492 1432 691 1525 ἀποκτείνῃς
707 1432 801 1524 αὐτὰ,
818 1432 902 1503 ἀλλά
917 1459 980 1525 τερ)
998 1432 1069 1520 τρό-
1090 1458 1095 1465 ’

68 1554 121 1622 πω
137 1531 371 1620 περιποιήσῃς,
390 1530 521 1624 ὀλέθρῳ
536 1540 581 1624 τῷ
597 1541 741 1625 κακίστῳ
757 1551 792 1600 σε
811 1530 1068 1619 διαχρήσεσθαι;

69 1633 195 1717 ἐπορᾶν
210 1633 246 1700 δὲ
263 1635 456 1719 ἐκκείμενον
475 1633 630 1719 τέταγμαι
647 1634 720 1720 ἐγώ.

37 1771 50 1822 l
157 1736 268 1797 Ταῦτα
284 1727 468 1810 ἀκούσαςὸ
491 1728 655 1808 βουκόλος
675 1732 730 1797 καὶ
744 1725 923 1817 ἀναλαβων
942 1725 978 1794 τό
996 1751 1072 1795 παι-

69 1830 142 1895 δίον
156 1823 209 1913 ἤιε
232 1824 295 1913 τὴν
309 1823 414 1914 αὐτὴν
430 1825 536 1896 ὀπίσω
552 1825 652 1915 ὁδόν,
678 1829 733 1895 καλ
754 1824 944 1895 ἀπικνέεται
965 1827 1001 1905 ἐς
1013 1822 1074 1912 τὴν

69 1930 218 1993 ἔπαυλιν.
255 1931 301 2015 τῷ
319 1922 350 1992 δ’
367 1924 432 2010 ἀρα
447 1929 501 1993 καὶ
516 1921 641 2016 αὖτςὸἡ
663 1921 750 2010 γυνη
769 1914 875 2004 ἐπίτεξ
890 1927 992 1992 ἐοῦσα
1009 1930 1074 1992 πᾶ·

68 2042 131 2090 σαν
153 2016 299 2109 ἡμέρην,
328 2021 403 2111 τότε
428 2050 495 2102 κως
518 2019 600 2091 κατὰ
617 2027 759 2108 δαίμονα
781 2027 881 2089 τίκτει
897 2023 1075 2108 οἰχομένου

67 2126 127 2184 τοῦ
141 2117 311 2204 βουκόλου
327 2122 361 2198 ἐς
375 2121 484 2190 πόλιν.
511 2114 599 2208 ἦσαν
614 2120 649 2187 δέ
665 2122 702 2187 ἐν
717 2122 871 2205 φροντίδι
886 2117 1072 2206 ἀμφότεροι

65 2211 221 2301 ἀλλήλων
236 2217 324 2304 πέρι,
340 2215 358 2285 ὁ
373 2218 435 2304 μὲν
445 2225 508 2285 τοῦ
518 2216 623 2285 τόκου
633 2224 690 2304 τῆς
704 2215 864 2303 γυναικὸς
878 2214 1072 2304 ἀρρωδέων,

64 2311 141 2399 ἡδὲ
156 2310 261 2401 γυνη,
288 2313 309 2382 ὅ
332 2342 364 2384 τι
388 2313 452 2384 οὐκ
473 2313 589 2395 ἐωδάς
609 2312 803 2401 δ”Αρπαγος
824 2318 1072 2402 μεταπέμψαιτο

65 2410 166 2499 αὐτῆς
180 2410 241 2481 τὸν
255 2413 371 2504 ἄνδρα.
425 2415 530 2483 ἐπείτε
555 2417 591 2484 δέ
608 2411 840 2501 ἀπονοστήσας
854 2417 992 2504 ἐπέστη,
1021 2411 1071 2484 οἷο

65 2513 98 2591 ἐξ
113 2508 259 2578 ἀέλπτου
276 2515 393 2580 ίδοῦσα
409 2507 429 2598 η
447 2507 533 2596 γυνη
551 2520 657 2598 εἴρετο
672 2512 828 2598 προτέρη,
854 2509 874 2578 ὅ
889 2539 919 2581 τι
934 2540 996 2599 μιν
1013 2509 1072 2581 οὕ-

64 2636 110 2676 τω
133 2610 318 2697 προθύμως
330 2608 499 2696 ’Ἅρπαγος
520 2610 776 2696 μεταπέμψαιτο.
804 2609 822 2678 ὁ
847 2615 883 2680 δέ
904 2611 993 2681 εἶπε·
1031 2609 1069 2682 Ὦ

63 2706 183 2793 μόναι,
210 2704 301 2774 εἶδόν
327 2733 362 2773 τε
386 2708 418 2785 ἐς
435 2706 536 2775 πόλιν
553 2703 666 2776 ἐλθόν
683 2710 737 2776 καὶ
751 2705 897 2798 ἥκουσα,
922 2711 960 2780 τὰ
989 2713 1070 2802 μήτε

63 2810 148 2873 ἰδεῖν
164 2799 296 2888 ὄφελον
311 2800 394 2892 μήτε
411 2803 486 2871 κοτὲ
500 2805 661 2890 γενέσθαι
673 2808 706 2884 ἐς
718 2807 880 2887 δεσπότας
893 2807 974 2890 τοὺς
989 2807 1073 2899 ἡμε-

63 2904 188 2989 τέρους.
218 2899 312 2982 οἶκος
333 2904 396 2989 μέν
419 2909 483 2981 πᾶς
500 2901 673 2992 Ἀρπάγοο
698 2913 862 2998 κλαυθμῷ
886 2915 1068 2996 κατείχετο·

64 2999 129 3088 ἐγὼ
145 3003 181 3069 δέ
196 3002 370 3089 ἐκπλαγεὶς
380 2998 436 3089 ἤια
447 3007 521 3072 ἐσω.
546 3000 641 3083 ὡςδὲ
656 3003 792 3090 τάχιστα
808 3008 967 3092 ἐσῆλθον,
984 3005 1068 3094 ὁρέω

63 3103 197 3167 παιδίον
217 3106 440 3186 προκείμενον
460 3096 627 3187 ἀσπαῖρόν
649 3128 683 3169 τε
705 3105 759 3170 καὶ
780 3101 1067 3190 κραμηιανόμενον,

63 3198 313 3282 κεκοσμημένον
332 3204 446 3287 χρυσῷ
463 3224 499 3266 τε
520 3202 574 3267 καὶ
590 3202 706 3286 ἐσθῆτι
720 3207 863 3290 ποικίλη.
901 3199 1069 3288 ’Ἅρπαγος
1102 3198 1106 3202 ’

63 3306 99 3364 δὲ
115 3293 159 3373 ὠς
176 3294 243 3363 εἶδέ
257 3323 309 3384 με,
324 3297 456 3366 ἐκέλευε
471 3297 534 3386 τὴν
547 3304 702 3386 ταχίστην
717 3296 930 3387 ἀναλαβόντα
941 3295 980 3367 τὸ
992 3322 1067 3366 παι-

60 3395 136 3460 δίον
151 3400 301 3478 οίχεσθαι
317 3397 482 3482 φέροντα,
500 3399 554 3465 καὶ
569 3406 681 3464 θεῖναι
697 3402 783 3465 ἔνθα
797 3398 1068 3484 θηριωδέστατον
1088 3428 1091 3434 ·
