<?xml version="1.0" encoding="UTF-8"?>
<!DOCTYPE html PUBLIC "-//W3C//DTD XHTML 1.0 Transitional//EN"
    "http://www.w3.org/TR/xhtml1/DTD/xhtml1-transitional.dtd">
<html xmlns="http://www.w3.org/1999/xhtml" xml:lang="en" lang="en">
 <head>
  <title>
</title>
<meta http-equiv="Content-Type" content="text/html;charset=utf-8" />
  <meta name='ocr-system' content='tesseract 3.04.00' />
  <meta name='ocr-capabilities' content='ocr_page ocr_carea ocr_par ocr_line ocrx_word'/>
</head>
<body>
  <div class='ocr_page' id='page_1' title='image "./herodotihistori03herogoog_0019.png"; bbox 0 0 2354 3840; ppageno 0'>
   <div class='ocr_carea' id='block_1_1' title="bbox 6 213 813 311">
    <p class='ocr_par' dir='ltr' id='par_1_1' title="bbox 6 213 813 311">
     <span class='ocr_line' id='line_1_1' title="bbox 6 213 813 311; baseline -0.002 -33"><span class='ocrx_word' id='word_1_1' title='bbox 6 248 10 311; x_wconf 70' lang='grc' dir='ltr'>Ι</span> <span class='ocrx_word' id='word_1_2' title='bbox 181 213 223 278; x_wconf 74' lang='lat'><strong><em>12</em></strong></span> <span class='ocrx_word' id='word_1_3' title='bbox 556 218 813 278; x_wconf 84' lang='lat' dir='ltr'><strong>HERODOT.</strong></span> 
     </span>
    </p>
   </div>
   <div class='ocr_carea' id='block_1_2' title="bbox 49 370 1177 3592">
    <p class='ocr_par' dir='ltr' id='par_1_2' title="bbox 122 370 1177 1642">
     <span class='ocr_line' id='line_1_2' title="bbox 122 370 1172 462; baseline -0.007 -16"><span class='ocrx_word' id='word_1_4' title='bbox 122 392 125 397; x_wconf 84' lang='grc'><strong>’</strong></span> <span class='ocrx_word' id='word_1_5' title='bbox 177 376 353 454; x_wconf 73' lang='grc' dir='ltr'><strong><em>τέοντοςδέ</em></strong></span> <span class='ocrx_word' id='word_1_6' title='bbox 365 381 427 443; x_wconf 88' lang='grc' dir='ltr'><strong><em>τοῦ</em></strong></span> <span class='ocrx_word' id='word_1_7' title='bbox 441 374 551 461; x_wconf 87' lang='grc' dir='ltr'><strong><em>νόμον</em></strong></span> <span class='ocrx_word' id='word_1_8' title='bbox 560 377 660 462; x_wconf 67' lang='grc' dir='ltr'><strong><em>ῥῖψαί</em></strong></span> <span class='ocrx_word' id='word_1_9' title='bbox 664 401 724 461; x_wconf 87' lang='grc' dir='ltr'><strong><em>μιν</em></strong></span> <span class='ocrx_word' id='word_1_10' title='bbox 737 376 771 453; x_wconf 89' lang='grc' dir='ltr'><strong><em>ές</em></strong></span> <span class='ocrx_word' id='word_1_11' title='bbox 781 370 844 460; x_wconf 86' lang='grc' dir='ltr'><strong><em>τήν</em></strong></span> <span class='ocrx_word' id='word_1_12' title='bbox 853 374 1033 442; x_wconf 82' lang='grc' dir='ltr'><strong><em>θάλασσαν</em></strong></span> <span class='ocrx_word' id='word_1_13' title='bbox 1043 370 1172 441; x_wconf 82' lang='grc' dir='ltr'><strong><em>ἑωυτὸν</em></strong></span> 
     </span>
     <span class='ocr_line' id='line_1_3' title="bbox 180 469 1161 562; baseline -0.008 -18"><span class='ocrx_word' id='word_1_14' title='bbox 180 473 226 555; x_wconf 74' lang='grc' dir='ltr'><strong><em>ἀς</em></strong></span> <span class='ocrx_word' id='word_1_15' title='bbox 247 474 328 562; x_wconf 79' lang='grc' dir='ltr'><strong><em>εἶχε,</em></strong></span> <span class='ocrx_word' id='word_1_16' title='bbox 349 471 416 542; x_wconf 83' lang='grc' dir='ltr'><strong><em>σῦν</em></strong></span> <span class='ocrx_word' id='word_1_17' title='bbox 434 481 475 562; x_wconf 74' lang='grc' dir='ltr'><strong><em>τῇ</em></strong></span> <span class='ocrx_word' id='word_1_18' title='bbox 494 481 599 561; x_wconf 79' lang='grc' dir='ltr'><strong><em>σκευῇ</em></strong></span> <span class='ocrx_word' id='word_1_19' title='bbox 613 473 714 560; x_wconf 86' lang='grc' dir='ltr'><strong><em>πάση.</em></strong></span> <span class='ocrx_word' id='word_1_20' title='bbox 746 475 802 540; x_wconf 79' lang='grc' dir='ltr'><strong><em>καὶ</em></strong></span> <span class='ocrx_word' id='word_1_21' title='bbox 814 469 973 558; x_wconf 76' lang='grc' dir='ltr'><strong><em>τοῦςμὲν</em></strong></span> <span class='ocrx_word' id='word_1_22' title='bbox 987 469 1161 539; x_wconf 84' lang='grc' dir='ltr'><strong><em>ἀποπλωει</em></strong></span> 
     </span>
     <span class='ocr_line' id='line_1_4' title="bbox 179 569 1164 658; baseline -0.005 -18"><span class='ocrx_word' id='word_1_23' title='bbox 179 575 213 652; x_wconf 85' lang='grc' dir='ltr'><strong><em>ές</em></strong></span> <span class='ocrx_word' id='word_1_24' title='bbox 226 573 421 658; x_wconf 85' lang='grc' dir='ltr'><strong><em>Κόρινθον,</em></strong></span> <span class='ocrx_word' id='word_1_25' title='bbox 445 569 506 639; x_wconf 82' lang='grc' dir='ltr'><strong><em>τὸν</em></strong></span> <span class='ocrx_word' id='word_1_26' title='bbox 527 573 564 640; x_wconf 71' lang='grc' dir='ltr'><strong><em>δὲ</em></strong></span> <span class='ocrx_word' id='word_1_27' title='bbox 579 576 720 656; x_wconf 70' lang='grc' dir='ltr'><strong><em>δελφῖνα</em></strong></span> <span class='ocrx_word' id='word_1_28' title='bbox 734 575 870 656; x_wconf 90' lang='grc' dir='ltr'><strong><em>λέγουσι</em></strong></span> <span class='ocrx_word' id='word_1_29' title='bbox 883 569 1098 658; x_wconf 77' lang='grc' dir='ltr'><strong><em>ὑπολαβόντα</em></strong></span> <span class='ocrx_word' id='word_1_30' title='bbox 1112 571 1164 649; x_wconf 82' lang='grc' dir='ltr'><strong><em>έξε</em></strong></span> 
     </span>
     <span class='ocr_line' id='line_1_5' title="bbox 179 667 1177 758; baseline -0.003 -19"><span class='ocrx_word' id='word_1_31' title='bbox 179 685 287 740; x_wconf 83' lang='grc' dir='ltr'><strong><em>νείκαι</em></strong></span> <span class='ocrx_word' id='word_1_32' title='bbox 307 673 360 739; x_wconf 82' lang='grc' dir='ltr'><strong><em>έπὶ</em></strong></span> <span class='ocrx_word' id='word_1_33' title='bbox 384 678 561 756; x_wconf 87' lang='grc' dir='ltr'><strong><em>Ταίναρον.</em></strong></span> <span class='ocrx_word' id='word_1_34' title='bbox 599 667 774 758; x_wconf 74' lang='grc' dir='ltr'><strong><em>ἀποβάντα</em></strong></span> <span class='ocrx_word' id='word_1_35' title='bbox 800 673 837 739; x_wconf 79' lang='grc' dir='ltr'><strong><em>δὲ</em></strong></span> <span class='ocrx_word' id='word_1_36' title='bbox 861 669 967 740; x_wconf 89' lang='grc' dir='ltr'><strong><em>αύτόν</em></strong></span> <span class='ocrx_word' id='word_1_37' title='bbox 991 675 1129 758; x_wconf 80' lang='grc' dir='ltr'><em>χωρέειν</em></span> <span class='ocrx_word' id='word_1_38' title='bbox 1151 696 1177 736; x_wconf 74' lang='grc' dir='ltr'><strong><em>ε1</em></strong></span> 
     </span>
     <span class='ocr_line' id='line_1_6' title="bbox 179 767 1171 858; baseline -0.003 -20"><span class='ocrx_word' id='word_1_39' title='bbox 179 768 356 853; x_wconf 81' lang='grc' dir='ltr'><strong><em>Κόρινθον</em></strong></span> <span class='ocrx_word' id='word_1_40' title='bbox 376 767 443 836; x_wconf 84' lang='grc' dir='ltr'><strong><em>σύν</em></strong></span> <span class='ocrx_word' id='word_1_41' title='bbox 462 774 504 857; x_wconf 77' lang='grc' dir='ltr'><strong><em>τῇ</em></strong></span> <span class='ocrx_word' id='word_1_42' title='bbox 525 775 648 858; x_wconf 82' lang='grc' dir='ltr'><strong><em>σκενῇ,</em></strong></span> <span class='ocrx_word' id='word_1_43' title='bbox 669 773 725 838; x_wconf 75' lang='grc' dir='ltr'><strong><em>καὶ</em></strong></span> <span class='ocrx_word' id='word_1_44' title='bbox 747 768 954 858; x_wconf 78' lang='grc' dir='ltr'><strong><em>ἀπικόμενον</em></strong></span> <span class='ocrx_word' id='word_1_45' title='bbox 975 769 1171 858; x_wconf 86' lang='grc' dir='ltr'><strong><em>ἀπηγέεσθα</em></strong></span> 
     </span>
     <span class='ocr_line' id='line_1_7' title="bbox 178 862 1175 957; baseline 0.002 -24"><span class='ocrx_word' id='word_1_46' title='bbox 178 873 248 933; x_wconf 81' lang='grc' dir='ltr'><strong><em>πᾶν</em></strong></span> <span class='ocrx_word' id='word_1_47' title='bbox 267 862 304 932; x_wconf 85' lang='grc' dir='ltr'>τὸ</span> <span class='ocrx_word' id='word_1_48' title='bbox 327 866 477 950; x_wconf 83' lang='grc' dir='ltr'><strong><em>γεγονός,</em></strong></span> <span class='ocrx_word' id='word_1_49' title='bbox 506 872 719 952; x_wconf 85' lang='grc' dir='ltr'><strong><em>Περίανδρον</em></strong></span> <span class='ocrx_word' id='word_1_50' title='bbox 740 871 777 936; x_wconf 79' lang='grc' dir='ltr'><strong><em>δὲ</em></strong></span> <span class='ocrx_word' id='word_1_51' title='bbox 796 866 865 936; x_wconf 84' lang='grc' dir='ltr'><strong><em>ῦπὸ</em></strong></span> <span class='ocrx_word' id='word_1_52' title='bbox 887 867 1040 957; x_wconf 87' lang='grc' dir='ltr'><strong><em>ἀπιστίης</em></strong></span> <span class='ocrx_word' id='word_1_53' title='bbox 1050 868 1175 952; x_wconf 89' lang='grc' dir='ltr'><strong><em>Ἀρίον</em></strong></span> 
     </span>
     <span class='ocr_line' id='line_1_8' title="bbox 179 963 1161 1055; baseline 0.004 -23"><span class='ocrx_word' id='word_1_54' title='bbox 179 965 241 1049; x_wconf 76' lang='grc' dir='ltr'><strong><em>μὲν</em></strong></span> <span class='ocrx_word' id='word_1_55' title='bbox 256 965 294 1030; x_wconf 86' lang='grc' dir='ltr'><strong><em>έν</em></strong></span> <span class='ocrx_word' id='word_1_56' title='bbox 308 971 442 1053; x_wconf 81' lang='grc' dir='ltr'><strong><em>φυλακή</em></strong></span> <span class='ocrx_word' id='word_1_57' title='bbox 458 969 546 1051; x_wconf 79' lang='grc' dir='ltr'><strong><em>ἔχειν</em></strong></span> <span class='ocrx_word' id='word_1_58' title='bbox 561 963 694 1055; x_wconf 80' lang='grc' dir='ltr'><strong><em>οῦδαμή</em></strong></span> <span class='ocrx_word' id='word_1_59' title='bbox 707 971 877 1055; x_wconf 81' lang='grc' dir='ltr'><strong><em>μετιέντα,</em></strong></span> <span class='ocrx_word' id='word_1_60' title='bbox 894 966 1027 1048; x_wconf 78' lang='grc' dir='ltr'><strong><em>ἀνακῶς</em></strong></span> <span class='ocrx_word' id='word_1_61' title='bbox 1042 971 1079 1038; x_wconf 80' lang='grc' dir='ltr'><strong><em>δὲ</em></strong></span> <span class='ocrx_word' id='word_1_62' title='bbox 1095 975 1161 1054; x_wconf 79' lang='grc' dir='ltr'><strong><em>ἔχει</em></strong></span> 
     </span>
     <span class='ocr_line' id='line_1_9' title="bbox 178 1062 1177 1156; baseline 0.002 -24"><span class='ocrx_word' id='word_1_63' title='bbox 178 1071 247 1132; x_wconf 81' lang='grc' dir='ltr'><strong><em>τῶν</em></strong></span> <span class='ocrx_word' id='word_1_64' title='bbox 264 1066 463 1150; x_wconf 87' lang='grc' dir='ltr'><strong><em>πορθμέων·</em></strong></span> <span class='ocrx_word' id='word_1_65' title='bbox 487 1062 532 1144; x_wconf 79' lang='grc' dir='ltr'><strong><em>ὡς</em></strong></span> <span class='ocrx_word' id='word_1_66' title='bbox 547 1068 584 1133; x_wconf 75' lang='grc' dir='ltr'><strong><em>δὲ</em></strong></span> <span class='ocrx_word' id='word_1_67' title='bbox 597 1065 663 1147; x_wconf 89' lang='grc' dir='ltr'><strong><em>ἀρα</em></strong></span> <span class='ocrx_word' id='word_1_68' title='bbox 677 1081 832 1151; x_wconf 81' lang='grc' dir='ltr'><strong><em>παρεῖναι</em></strong></span> <span class='ocrx_word' id='word_1_69' title='bbox 846 1066 981 1155; x_wconf 84' lang='grc' dir='ltr'><strong><em>αύτούς,</em></strong></span> <span class='ocrx_word' id='word_1_70' title='bbox 998 1073 1177 1156; x_wconf 80' lang='grc' dir='ltr'><strong><em>κληθέντα</em></strong></span> 
     </span>
     <span class='ocr_line' id='line_1_10' title="bbox 180 1162 1177 1254; baseline 0.003 -23"><span class='ocrx_word' id='word_1_71' title='bbox 180 1164 408 1248; x_wconf 78' lang='grc' dir='ltr'><strong><em>ἱστορέεσθαι,</em></strong></span> <span class='ocrx_word' id='word_1_72' title='bbox 434 1173 468 1231; x_wconf 83' lang='grc' dir='ltr'><strong><em>εί</em></strong></span> <span class='ocrx_word' id='word_1_73' title='bbox 483 1190 515 1231; x_wconf 90' lang='grc' dir='ltr'><strong><em>τι</em></strong></span> <span class='ocrx_word' id='word_1_74' title='bbox 535 1167 666 1250; x_wconf 79' lang='grc' dir='ltr'><strong><em>λέγοιεν</em></strong></span> <span class='ocrx_word' id='word_1_75' title='bbox 687 1166 763 1246; x_wconf 84' lang='grc' dir='ltr'><strong><em>περὶ</em></strong></span> <span class='ocrx_word' id='word_1_76' title='bbox 776 1162 933 1250; x_wconf 81' lang='grc' dir='ltr'><strong><em>Ἀρίονος.</em></strong></span> <span class='ocrx_word' id='word_1_77' title='bbox 972 1171 1133 1254; x_wconf 87' lang='grc' dir='ltr'><strong><em>φαμένων</em></strong></span> <span class='ocrx_word' id='word_1_78' title='bbox 1148 1170 1177 1233; x_wconf 44' lang='grc' dir='ltr'><strong><em>δῚ</em></strong></span> 
     </span>
     <span class='ocr_line' id='line_1_11' title="bbox 179 1257 1167 1350; baseline 0 -20"><span class='ocrx_word' id='word_1_79' title='bbox 179 1263 336 1347; x_wconf 76' lang='grc' dir='ltr'><strong><em>ἐκείνων,</em></strong></span> <span class='ocrx_word' id='word_1_80' title='bbox 358 1257 403 1340; x_wconf 80' lang='grc' dir='ltr'><strong><em>ὡς</em></strong></span> <span class='ocrx_word' id='word_1_81' title='bbox 424 1271 475 1348; x_wconf 87' lang='grc' dir='ltr'><strong><em>είη</em></strong></span> <span class='ocrx_word' id='word_1_82' title='bbox 495 1289 531 1331; x_wconf 90' lang='grc' dir='ltr'><strong><em>τε</em></strong></span> <span class='ocrx_word' id='word_1_83' title='bbox 552 1269 619 1342; x_wconf 83' lang='grc' dir='ltr'><strong><em>σως</em></strong></span> <span class='ocrx_word' id='word_1_84' title='bbox 635 1265 712 1346; x_wconf 80' lang='grc' dir='ltr'><strong><em>περὶ</em></strong></span> <span class='ocrx_word' id='word_1_85' title='bbox 723 1259 863 1349; x_wconf 83' lang='grc' dir='ltr'><strong><em>Ἰταλίην</em></strong></span> <span class='ocrx_word' id='word_1_86' title='bbox 877 1270 936 1332; x_wconf 91' lang='grc' dir='ltr'><strong><em>καί</em></strong></span> <span class='ocrx_word' id='word_1_87' title='bbox 948 1292 1008 1350; x_wconf 92' lang='grc' dir='ltr'><strong><em>μιν</em></strong></span> <span class='ocrx_word' id='word_1_88' title='bbox 1022 1259 1061 1333; x_wconf 89' lang='grc' dir='ltr'><strong><em>εύ</em></strong></span> <span class='ocrx_word' id='word_1_89' title='bbox 1076 1264 1167 1350; x_wconf 87' lang='grc' dir='ltr'><strong><em>πρήσ</em></strong></span> 
     </span>
     <span class='ocr_line' id='line_1_12' title="bbox 181 1359 1175 1448; baseline 0.001 -22"><span class='ocrx_word' id='word_1_90' title='bbox 181 1378 283 1427; x_wconf 88' lang='grc' dir='ltr'><strong><em>σοντα</em></strong></span> <span class='ocrx_word' id='word_1_91' title='bbox 297 1366 427 1428; x_wconf 78' lang='grc' dir='ltr'><strong><em>λίποιεν</em></strong></span> <span class='ocrx_word' id='word_1_92' title='bbox 443 1362 481 1429; x_wconf 89' lang='grc' dir='ltr'><strong><em>έν</em></strong></span> <span class='ocrx_word' id='word_1_93' title='bbox 498 1362 655 1448; x_wconf 81' lang='grc' dir='ltr'><strong><em>Τάραντι,</em></strong></span> <span class='ocrx_word' id='word_1_94' title='bbox 673 1363 881 1448; x_wconf 78' lang='grc' dir='ltr'><strong><em>ἐπιφανῆναί</em></strong></span> <span class='ocrx_word' id='word_1_95' title='bbox 892 1381 954 1448; x_wconf 91' lang='grc' dir='ltr'><strong><em>σφι</em></strong></span> <span class='ocrx_word' id='word_1_96' title='bbox 968 1359 1029 1431; x_wconf 85' lang='grc' dir='ltr'><strong><em>τὸν</em></strong></span> <span class='ocrx_word' id='word_1_97' title='bbox 1039 1360 1175 1446; x_wconf 88' lang='grc' dir='ltr'><strong><em>Ἀρίονα</em></strong></span> 
     </span>
     <span class='ocr_line' id='line_1_13' title="bbox 182 1455 1177 1546; baseline 0 -22"><span class='ocrx_word' id='word_1_98' title='bbox 182 1455 294 1538; x_wconf 74' lang='grc' dir='ltr'><strong><em>ὥσπερ</em></strong></span> <span class='ocrx_word' id='word_1_99' title='bbox 309 1464 395 1543; x_wconf 81' lang='grc' dir='ltr'><strong><em>ἔχων</em></strong></span> <span class='ocrx_word' id='word_1_100' title='bbox 409 1460 605 1546; x_wconf 76' lang='grc' dir='ltr'><strong><em>ἐξεπήδησε·</em></strong></span> <span class='ocrx_word' id='word_1_101' title='bbox 623 1464 678 1527; x_wconf 78' lang='grc' dir='ltr'><strong><em>καὶ</em></strong></span> <span class='ocrx_word' id='word_1_102' title='bbox 691 1456 771 1537; x_wconf 85' lang='grc' dir='ltr'><strong><em>τούς</em></strong></span> <span class='ocrx_word' id='word_1_103' title='bbox 788 1461 1009 1544; x_wconf 81' lang='grc' dir='ltr'><strong><em>ἐκπλαγέντας</em></strong></span> <span class='ocrx_word' id='word_1_104' title='bbox 1023 1457 1087 1527; x_wconf 90' lang='grc' dir='ltr'><strong><em>οῦκ</em></strong></span> <span class='ocrx_word' id='word_1_105' title='bbox 1098 1464 1163 1544; x_wconf 84' lang='grc' dir='ltr'><strong><em>ἔχει</em></strong></span> <span class='ocrx_word' id='word_1_106' title='bbox 1175 1497 1177 1511; x_wconf 58' lang='lat'>1</span> 
     </span>
     <span class='ocr_line' id='line_1_14' title="bbox 182 1555 1173 1642; baseline -0.005 -16"><span class='ocrx_word' id='word_1_107' title='bbox 182 1564 229 1626; x_wconf 74' lang='grc' dir='ltr'><strong><em>ἔτι</em></strong></span> <span class='ocrx_word' id='word_1_108' title='bbox 244 1559 480 1642; x_wconf 74' lang='grc' dir='ltr'><strong><em>ἐλεγχομένους</em></strong></span> <span class='ocrx_word' id='word_1_109' title='bbox 493 1555 684 1640; x_wconf 87' lang='grc' dir='ltr'><strong><em>ἀρνέεσθαι.</em></strong></span> <span class='ocrx_word' id='word_1_110' title='bbox 716 1563 828 1623; x_wconf 86' lang='grc' dir='ltr'><strong><em>Ταῦτα</em></strong></span> <span class='ocrx_word' id='word_1_111' title='bbox 844 1560 906 1642; x_wconf 88' lang='grc' dir='ltr'><strong><em>μέν</em></strong></span> <span class='ocrx_word' id='word_1_112' title='bbox 923 1584 989 1624; x_wconf 90' lang='grc' dir='ltr'><strong><em>νυν</em></strong></span> <span class='ocrx_word' id='word_1_113' title='bbox 1006 1562 1173 1641; x_wconf 86' lang='grc' dir='ltr'><strong><em>Κορίνθιο</em></strong></span> 
     </span>
    </p>

    <p class='ocr_par' dir='ltr' id='par_1_3' title="bbox 81 1652 1168 1940">
     <span class='ocr_line' id='line_1_15' title="bbox 81 1652 1138 1742; baseline -0.003 -18"><span class='ocrx_word' id='word_1_114' title='bbox 81 1664 89 1687; x_wconf 92' lang='grc'><em>”</em></span> <span class='ocrx_word' id='word_1_115' title='bbox 180 1683 216 1724; x_wconf 83' lang='grc' dir='ltr'><strong><em>τε</em></strong></span> <span class='ocrx_word' id='word_1_116' title='bbox 250 1658 305 1724; x_wconf 77' lang='grc' dir='ltr'><strong><em>καὶ</em></strong></span> <span class='ocrx_word' id='word_1_117' title='bbox 330 1658 468 1742; x_wconf 81' lang='grc' dir='ltr'><strong><em>Λέσβιοι</em></strong></span> <span class='ocrx_word' id='word_1_118' title='bbox 492 1659 646 1742; x_wconf 85' lang='grc' dir='ltr'><strong><em>λέγουσι,</em></strong></span> <span class='ocrx_word' id='word_1_119' title='bbox 678 1657 733 1722; x_wconf 80' lang='grc' dir='ltr'><strong><em>καὶ</em></strong></span> <span class='ocrx_word' id='word_1_120' title='bbox 762 1652 911 1735; x_wconf 88' lang='grc' dir='ltr'><strong><em>Ἀρίονάς</em></strong></span> <span class='ocrx_word' id='word_1_121' title='bbox 934 1657 1003 1722; x_wconf 87' lang='grc' dir='ltr'><strong><em>έστι</em></strong></span> <span class='ocrx_word' id='word_1_122' title='bbox 1024 1652 1138 1738; x_wconf 87' lang='grc' dir='ltr'><strong><em>ἀνάθη</em></strong></span> 
     </span>
     <span class='ocr_line' id='line_1_16' title="bbox 180 1748 1168 1842; baseline -0.008 -17"><span class='ocrx_word' id='word_1_123' title='bbox 180 1757 323 1842; x_wconf 77' lang='grc' dir='ltr'><strong><em>χάλκεον</em></strong></span> <span class='ocrx_word' id='word_1_124' title='bbox 337 1749 379 1820; x_wconf 92' lang='grc' dir='ltr'><strong><em>ού</em></strong></span> <span class='ocrx_word' id='word_1_125' title='bbox 394 1755 478 1839; x_wconf 87' lang='grc' dir='ltr'><strong><em>μέγα</em></strong></span> <span class='ocrx_word' id='word_1_126' title='bbox 494 1755 547 1821; x_wconf 77' lang='grc' dir='ltr'><strong><em>ἐπὶ</em></strong></span> <span class='ocrx_word' id='word_1_127' title='bbox 566 1751 740 1842; x_wconf 78' lang='grc' dir='ltr'><strong><em>Ταινάρῳ,</em></strong></span> <span class='ocrx_word' id='word_1_128' title='bbox 762 1755 814 1820; x_wconf 78' lang='grc' dir='ltr'><strong><em>ἐπὶ</em></strong></span> <span class='ocrx_word' id='word_1_129' title='bbox 828 1757 986 1838; x_wconf 81' lang='grc' dir='ltr'><strong><em>δελφῖνος</em></strong></span> <span class='ocrx_word' id='word_1_130' title='bbox 1001 1748 1109 1820; x_wconf 80' lang='grc' dir='ltr'><strong><em>έπεων</em></strong></span> <span class='ocrx_word' id='word_1_131' title='bbox 1123 1750 1168 1817; x_wconf 83' lang='grc' dir='ltr'><strong><em>ἀν</em></strong></span> 
     </span>
     <span class='ocr_line' id='line_1_17' title="bbox 180 1865 328 1940; baseline -0.014 -18"><span class='ocrx_word' id='word_1_132' title='bbox 180 1865 328 1940; x_wconf 83' lang='grc' dir='ltr'><strong><em>θρωπος.</em></strong></span> 
     </span>
    </p>

    <p class='ocr_par' dir='ltr' id='par_1_4' title="bbox 135 1945 1177 2625">
     <span class='ocr_line' id='line_1_18' title="bbox 135 1945 1177 2036; baseline 0.001 -23"><span class='ocrx_word' id='word_1_133' title='bbox 135 1960 171 2013; x_wconf 72' lang='lat'><strong><em>25</em></strong></span> <span class='ocrx_word' id='word_1_134' title='bbox 261 1948 439 2036; x_wconf 88' lang='grc' dir='ltr'><strong><em>Ἀλυάττης</em></strong></span> <span class='ocrx_word' id='word_1_135' title='bbox 453 1950 490 2016; x_wconf 71' lang='grc' dir='ltr'><strong><em>δέ</em></strong></span> <span class='ocrx_word' id='word_1_136' title='bbox 507 1946 525 2017; x_wconf 88' lang='grc' dir='ltr'>ὁ</span> <span class='ocrx_word' id='word_1_137' title='bbox 539 1949 653 2027; x_wconf 87' lang='grc' dir='ltr'><strong><em>Λυδὸς</em></strong></span> <span class='ocrx_word' id='word_1_138' title='bbox 668 1946 729 2017; x_wconf 84' lang='grc' dir='ltr'><strong><em>τὸν</em></strong></span> <span class='ocrx_word' id='word_1_139' title='bbox 739 1945 823 2032; x_wconf 86' lang='grc' dir='ltr'><strong><em>πρδς</em></strong></span> <span class='ocrx_word' id='word_1_140' title='bbox 834 1955 1024 2035; x_wconf 87' lang='grc' dir='ltr'><strong><em>Μιλησίους</em></strong></span> <span class='ocrx_word' id='word_1_141' title='bbox 1037 1949 1177 2033; x_wconf 42' lang='grc' dir='ltr'><strong><em>πόλεμοι</em></strong></span> 
     </span>
     <span class='ocr_line' id='line_1_19' title="bbox 181 2042 1174 2136; baseline -0.006 -19"><span class='ocrx_word' id='word_1_142' title='bbox 181 2054 344 2127; x_wconf 78' lang='grc' dir='ltr'><strong><em>διενείκας</em></strong></span> <span class='ocrx_word' id='word_1_143' title='bbox 357 2051 548 2134; x_wconf 85' lang='grc' dir='ltr'><strong><em>μετέπειτεν</em></strong></span> <span class='ocrx_word' id='word_1_144' title='bbox 562 2054 710 2136; x_wconf 76' lang='grc' dir='ltr'><strong><em>τελευτᾷ,</em></strong></span> <span class='ocrx_word' id='word_1_145' title='bbox 724 2048 926 2134; x_wconf 82' lang='grc' dir='ltr'><strong><em>βασιλεύσας</em></strong></span> <span class='ocrx_word' id='word_1_146' title='bbox 943 2053 1016 2114; x_wconf 74' lang='grc' dir='ltr'><strong><em>ἔτεα</em></strong></span> <span class='ocrx_word' id='word_1_147' title='bbox 1033 2042 1114 2114; x_wconf 86' lang='grc' dir='ltr'><strong><em>έπτά</em></strong></span> <span class='ocrx_word' id='word_1_148' title='bbox 1130 2071 1174 2111; x_wconf 89' lang='grc' dir='ltr'><strong><em>κοι</em></strong></span> 
     </span>
     <span class='ocr_line' id='line_1_20' title="bbox 181 2142 1177 2232; baseline -0.003 -19"><span class='ocrx_word' id='word_1_149' title='bbox 181 2145 397 2232; x_wconf 87' lang='grc' dir='ltr'><strong><em>πεντήκοντα.</em></strong></span> <span class='ocrx_word' id='word_1_150' title='bbox 424 2142 571 2231; x_wconf 84' lang='grc' dir='ltr'><strong><em>ἀνέθηκε</em></strong></span> <span class='ocrx_word' id='word_1_151' title='bbox 587 2148 623 2211; x_wconf 80' lang='grc' dir='ltr'><strong><em>δέ</em></strong></span> <span class='ocrx_word' id='word_1_152' title='bbox 637 2142 796 2230; x_wconf 79' lang='grc' dir='ltr'><strong><em>έκφνγων</em></strong></span> <span class='ocrx_word' id='word_1_153' title='bbox 810 2143 873 2231; x_wconf 80' lang='grc' dir='ltr'><strong><em>τήν</em></strong></span> <span class='ocrx_word' id='word_1_154' title='bbox 887 2151 1014 2212; x_wconf 91' lang='grc' dir='ltr'><strong><em>νοῦσον</em></strong></span> <span class='ocrx_word' id='word_1_155' title='bbox 1030 2144 1177 2226; x_wconf 85' lang='grc' dir='ltr'><strong><em>δεύτερο</em></strong></span> 
     </span>
     <span class='ocr_line' id='line_1_21' title="bbox 182 2235 1167 2330; baseline -0.003 -20"><span class='ocrx_word' id='word_1_156' title='bbox 182 2235 281 2320; x_wconf 84' lang='grc' dir='ltr'><strong><em>οὗτος</em></strong></span> <span class='ocrx_word' id='word_1_157' title='bbox 302 2249 360 2328; x_wconf 82' lang='grc' dir='ltr'><strong><em>της</em></strong></span> <span class='ocrx_word' id='word_1_158' title='bbox 379 2248 485 2328; x_wconf 83' lang='grc' dir='ltr'><strong><em>οἰκίης</em></strong></span> <span class='ocrx_word' id='word_1_159' title='bbox 500 2242 624 2328; x_wconf 78' lang='grc' dir='ltr'><strong><em>ταύτης</em></strong></span> <span class='ocrx_word' id='word_1_160' title='bbox 644 2244 678 2320; x_wconf 85' lang='grc' dir='ltr'><strong><em>ές</em></strong></span> <span class='ocrx_word' id='word_1_161' title='bbox 691 2241 851 2330; x_wconf 85' lang='grc' dir='ltr'><strong><em>Δελφούς</em></strong></span> <span class='ocrx_word' id='word_1_162' title='bbox 864 2243 1014 2330; x_wconf 80' lang='grc' dir='ltr'><strong><em>κρητῆρά</em></strong></span> <span class='ocrx_word' id='word_1_163' title='bbox 1027 2268 1063 2309; x_wconf 88' lang='grc' dir='ltr'><strong><em>τε</em></strong></span> <span class='ocrx_word' id='word_1_164' title='bbox 1077 2239 1167 2326; x_wconf 90' lang='grc' dir='ltr'><strong><em>ἀργύ</em></strong></span> 
     </span>
     <span class='ocr_line' id='line_1_22' title="bbox 182 2338 1176 2429; baseline -0.003 -20"><span class='ocrx_word' id='word_1_165' title='bbox 182 2367 262 2423; x_wconf 90' lang='grc' dir='ltr'><strong><em>ρεον</em></strong></span> <span class='ocrx_word' id='word_1_166' title='bbox 291 2345 397 2427; x_wconf 90' lang='grc' dir='ltr'><strong><em>μέγαν</em></strong></span> <span class='ocrx_word' id='word_1_167' title='bbox 425 2345 481 2409; x_wconf 79' lang='grc' dir='ltr'><strong><em>καλ</em></strong></span> <span class='ocrx_word' id='word_1_168' title='bbox 511 2338 796 2429; x_wconf 75' lang='grc' dir='ltr'><strong><em>ὑποκρητηρίδιον</em></strong></span> <span class='ocrx_word' id='word_1_169' title='bbox 823 2342 983 2428; x_wconf 83' lang='grc' dir='ltr'><strong><em>σιδήρεον</em></strong></span> <span class='ocrx_word' id='word_1_170' title='bbox 1010 2345 1176 2427; x_wconf 69' lang='grc' dir='ltr'><strong><em>κολλητόν</em></strong></span> 
     </span>
     <span class='ocr_line' id='line_1_23' title="bbox 181 2437 1175 2526; baseline -0.003 -19"><span class='ocrx_word' id='word_1_171' title='bbox 181 2443 264 2526; x_wconf 89' lang='grc' dir='ltr'><strong><em>θέης</em></strong></span> <span class='ocrx_word' id='word_1_172' title='bbox 286 2437 380 2518; x_wconf 81' lang='grc' dir='ltr'><strong><em>ἀξιον</em></strong></span> <span class='ocrx_word' id='word_1_173' title='bbox 401 2437 458 2507; x_wconf 86' lang='grc' dir='ltr'><strong><em>διά</em></strong></span> <span class='ocrx_word' id='word_1_174' title='bbox 472 2439 611 2507; x_wconf 86' lang='grc' dir='ltr'><strong><em>πάντων</em></strong></span> <span class='ocrx_word' id='word_1_175' title='bbox 626 2447 695 2507; x_wconf 78' lang='grc' dir='ltr'><strong><em>τῶν</em></strong></span> <span class='ocrx_word' id='word_1_176' title='bbox 712 2443 749 2509; x_wconf 84' lang='grc' dir='ltr'><strong><em>έν</em></strong></span> <span class='ocrx_word' id='word_1_177' title='bbox 763 2449 929 2526; x_wconf 80' lang='grc' dir='ltr'><strong><em>Δελφοῖσι</em></strong></span> <span class='ocrx_word' id='word_1_178' title='bbox 944 2437 1175 2525; x_wconf 87' lang='grc' dir='ltr'><strong><em>ἀναθημάτων</em></strong></span> 
     </span>
     <span class='ocr_line' id='line_1_24' title="bbox 182 2534 1168 2625; baseline -0.003 -20"><span class='ocrx_word' id='word_1_179' title='bbox 182 2535 340 2605; x_wconf 82' lang='grc' dir='ltr'><strong><em>Γλαύκου</em></strong></span> <span class='ocrx_word' id='word_1_180' title='bbox 353 2542 415 2603; x_wconf 92' lang='grc' dir='ltr'><strong><em>τοῦ</em></strong></span> <span class='ocrx_word' id='word_1_181' title='bbox 428 2543 515 2605; x_wconf 86' lang='grc' dir='ltr'><strong><em>Χίου</em></strong></span> <span class='ocrx_word' id='word_1_182' title='bbox 535 2544 677 2625; x_wconf 88' lang='grc' dir='ltr'><strong><em>ποίημα,</em></strong></span> <span class='ocrx_word' id='word_1_183' title='bbox 702 2535 739 2616; x_wconf 81' lang='grc' dir='ltr'><strong><em>ὃς</em></strong></span> <span class='ocrx_word' id='word_1_184' title='bbox 759 2544 886 2623; x_wconf 86' lang='grc' dir='ltr'><strong><em>μοῦνος</em></strong></span> <span class='ocrx_word' id='word_1_185' title='bbox 907 2535 948 2624; x_wconf 83' lang='grc' dir='ltr'><strong><em>δή</em></strong></span> <span class='ocrx_word' id='word_1_186' title='bbox 970 2538 1108 2606; x_wconf 87' lang='grc' dir='ltr'><strong><em>πάντων</em></strong></span> <span class='ocrx_word' id='word_1_187' title='bbox 1123 2534 1168 2603; x_wconf 89' lang='grc' dir='ltr'><strong><em>ἀν</em></strong></span> 
     </span>
    </p>

    <p class='ocr_par' dir='ltr' id='par_1_5' title="bbox 49 2627 806 2721">
     <span class='ocr_line' id='line_1_25' title="bbox 49 2627 806 2721; baseline 0.001 -19"><span class='ocrx_word' id='word_1_188' title='bbox 49 2710 54 2721; x_wconf 48' lang='grc'><strong><em>,</em></strong></span> <span class='ocrx_word' id='word_1_189' title='bbox 170 2627 333 2719; x_wconf 63' lang='grc' dir='ltr'><strong><em>’θρύπων</em></strong></span> <span class='ocrx_word' id='word_1_190' title='bbox 348 2633 490 2720; x_wconf 86' lang='grc' dir='ltr'><strong><em>σιδήρου</em></strong></span> <span class='ocrx_word' id='word_1_191' title='bbox 507 2635 668 2721; x_wconf 88' lang='grc' dir='ltr'><strong><em>κόλλησιν</em></strong></span> <span class='ocrx_word' id='word_1_192' title='bbox 684 2639 806 2717; x_wconf 80' lang='grc' dir='ltr'><strong><em>ἐξεῦρε.</em></strong></span> 
     </span>
    </p>

    <p class='ocr_par' dir='ltr' id='par_1_6' title="bbox 125 2732 1166 2823">
     <span class='ocr_line' id='line_1_26' title="bbox 125 2732 1166 2823; baseline 0.009 -30"><span class='ocrx_word' id='word_1_193' title='bbox 125 2745 170 2801; x_wconf 75' lang='lat'><strong><em>‚2⁶</em></strong></span> <span class='ocrx_word' id='word_1_194' title='bbox 250 2732 535 2818; x_wconf 87' lang='grc' dir='ltr'><strong><em>ΙΤελευτήσαντος</em></strong></span> <span class='ocrx_word' id='word_1_195' title='bbox 555 2739 592 2803; x_wconf 75' lang='grc' dir='ltr'><strong><em>δὲ</em></strong></span> <span class='ocrx_word' id='word_1_196' title='bbox 609 2733 794 2803; x_wconf 76' lang='grc' dir='ltr'><strong><em>Ἀλυάττεω</em></strong></span> <span class='ocrx_word' id='word_1_197' title='bbox 818 2739 983 2816; x_wconf 80' lang='grc' dir='ltr'><strong><em>ἐξεδέξατο</em></strong></span> <span class='ocrx_word' id='word_1_198' title='bbox 1005 2734 1068 2823; x_wconf 78' lang='grc' dir='ltr'><strong><em>τήν</em></strong></span> <span class='ocrx_word' id='word_1_199' title='bbox 1087 2743 1166 2823; x_wconf 89' lang='grc' dir='ltr'><strong><em>βασι</em></strong></span> 
     </span>
    </p>

    <p class='ocr_par' dir='ltr' id='par_1_7' title="bbox 56 2827 1169 3017">
     <span class='ocr_line' id='line_1_27' title="bbox 180 2827 1169 2922; baseline 0.003 -26"><span class='ocrx_word' id='word_1_200' title='bbox 180 2834 280 2914; x_wconf 86' lang='grc' dir='ltr'><strong><em>ληίην</em></strong></span> <span class='ocrx_word' id='word_1_201' title='bbox 300 2834 445 2911; x_wconf 82' lang='grc' dir='ltr'><strong><em>Κροῖσος</em></strong></span> <span class='ocrx_word' id='word_1_202' title='bbox 466 2827 484 2898; x_wconf 83' lang='grc' dir='ltr'><strong><em>ὃ</em></strong></span> <span class='ocrx_word' id='word_1_203' title='bbox 505 2828 707 2920; x_wconf 82' lang='grc' dir='ltr'><strong><em>Ἀλυάττεω,</em></strong></span> <span class='ocrx_word' id='word_1_204' title='bbox 730 2836 831 2902; x_wconf 89' lang='grc' dir='ltr'><strong><em>έτέων</em></strong></span> <span class='ocrx_word' id='word_1_205' title='bbox 853 2829 919 2903; x_wconf 79' lang='grc' dir='ltr'><strong><em>έύν</em></strong></span> <span class='ocrx_word' id='word_1_206' title='bbox 938 2831 1073 2922; x_wconf 83' lang='grc' dir='ltr'><strong><em>ἡλικίην</em></strong></span> <span class='ocrx_word' id='word_1_207' title='bbox 1087 2835 1169 2900; x_wconf 88' lang='grc' dir='ltr'><strong><em>πέντ</em></strong></span> 
     </span>
     <span class='ocr_line' id='line_1_28' title="bbox 56 2922 1166 3017; baseline 0.005 -27"><span class='ocrx_word' id='word_1_208' title='bbox 56 2922 59 2929; x_wconf 82' lang='grc'><strong>’</strong></span> <span class='ocrx_word' id='word_1_209' title='bbox 180 2927 236 2992; x_wconf 80' lang='grc' dir='ltr'><strong><em>καὶ</em></strong></span> <span class='ocrx_word' id='word_1_210' title='bbox 261 2923 458 3014; x_wconf 87' lang='grc' dir='ltr'><strong><em>τριήκοντα,</em></strong></span> <span class='ocrx_word' id='word_1_211' title='bbox 489 2925 527 3007; x_wconf 85' lang='grc' dir='ltr'><strong><em>δς</em></strong></span> <span class='ocrx_word' id='word_1_212' title='bbox 554 2926 596 3015; x_wconf 87' lang='grc' dir='ltr'><strong><em>δή</em></strong></span> <span class='ocrx_word' id='word_1_213' title='bbox 617 2927 789 3016; x_wconf 84' lang='grc' dir='ltr'><strong><em>Ἑλλήνων</em></strong></span> <span class='ocrx_word' id='word_1_214' title='bbox 809 2931 970 3014; x_wconf 83' lang='grc' dir='ltr'><strong><em>πρύτοισι</em></strong></span> <span class='ocrx_word' id='word_1_215' title='bbox 997 2930 1166 3017; x_wconf 85' lang='grc' dir='ltr'><strong><em>έπεθήκατ</em></strong></span> 
     </span>
    </p>

    <p class='ocr_par' dir='ltr' id='par_1_8' title="bbox 176 3019 1164 3117">
     <span class='ocr_line' id='line_1_29' title="bbox 176 3019 1164 3117; baseline 0.009 -31"><span class='ocrx_word' id='word_1_216' title='bbox 176 3019 366 3107; x_wconf 80' lang='grc' dir='ltr'><strong><em>Ἐφεσίοισι.</em></strong></span> <span class='ocrx_word' id='word_1_217' title='bbox 393 3029 479 3092; x_wconf 82' lang='grc' dir='ltr'><strong><em>ἔνθα</em></strong></span> <span class='ocrx_word' id='word_1_218' title='bbox 494 3023 534 3112; x_wconf 78' lang='grc' dir='ltr'><strong><em>δή</em></strong></span> <span class='ocrx_word' id='word_1_219' title='bbox 551 3032 585 3095; x_wconf 86' lang='grc' dir='ltr'><strong><em>οί</em></strong></span> <span class='ocrx_word' id='word_1_220' title='bbox 594 3024 739 3113; x_wconf 86' lang='grc' dir='ltr'><strong><em>Ἐφέσιοι</em></strong></span> <span class='ocrx_word' id='word_1_221' title='bbox 753 3031 1030 3117; x_wconf 87' lang='grc' dir='ltr'><strong><em>πολιορκεύμενοι</em></strong></span> <span class='ocrx_word' id='word_1_222' title='bbox 1044 3026 1103 3097; x_wconf 81' lang='grc' dir='ltr'><strong><em>ὑπ’</em></strong></span> <span class='ocrx_word' id='word_1_223' title='bbox 1122 3026 1164 3095; x_wconf 89' lang='grc' dir='ltr'><strong><em>α’</em></strong></span> 
     </span>
    </p>

    <p class='ocr_par' dir='ltr' id='par_1_9' title="bbox 179 3117 1154 3215">
     <span class='ocr_line' id='line_1_30' title="bbox 179 3117 1154 3215; baseline 0.008 -27"><span class='ocrx_word' id='word_1_224' title='bbox 179 3127 242 3189; x_wconf 89' lang='grc' dir='ltr'><strong><em>τοῦ</em></strong></span> <span class='ocrx_word' id='word_1_225' title='bbox 258 3117 426 3190; x_wconf 84' lang='grc' dir='ltr'><strong><em>ἀνέθεσαν</em></strong></span> <span class='ocrx_word' id='word_1_226' title='bbox 439 3121 501 3211; x_wconf 87' lang='grc' dir='ltr'><strong><em>τήν</em></strong></span> <span class='ocrx_word' id='word_1_227' title='bbox 518 3126 619 3194; x_wconf 86' lang='grc' dir='ltr'><strong><em>πόλιν</em></strong></span> <span class='ocrx_word' id='word_1_228' title='bbox 632 3135 672 3215; x_wconf 75' lang='grc' dir='ltr'><strong><em>τῇ</em></strong></span> <span class='ocrx_word' id='word_1_229' title='bbox 685 3125 859 3215; x_wconf 86' lang='grc' dir='ltr'><strong><em>Ἀρτέμιδι,</em></strong></span> <span class='ocrx_word' id='word_1_230' title='bbox 877 3128 1057 3209; x_wconf 78' lang='grc' dir='ltr'><strong><em>ἐξάψαντες</em></strong></span> <span class='ocrx_word' id='word_1_231' title='bbox 1073 3131 1109 3196; x_wconf 89' lang='grc' dir='ltr'><strong><em>έκ</em></strong></span> <span class='ocrx_word' id='word_1_232' title='bbox 1123 3155 1154 3195; x_wconf 77' lang='grc' dir='ltr'><strong><em>τ·</em></strong></span> 
     </span>
    </p>

    <p class='ocr_par' dir='ltr' id='par_1_10' title="bbox 49 3222 1175 3592">
     <span class='ocr_line' id='line_1_31' title="bbox 180 3222 1166 3313; baseline 0.004 -26"><span class='ocrx_word' id='word_1_233' title='bbox 180 3227 267 3306; x_wconf 86' lang='grc' dir='ltr'><strong><em>νηοῦ</em></strong></span> <span class='ocrx_word' id='word_1_234' title='bbox 288 3227 437 3306; x_wconf 85' lang='grc' dir='ltr'><strong><em>σχοινίον</em></strong></span> <span class='ocrx_word' id='word_1_235' title='bbox 457 3225 491 3302; x_wconf 83' lang='grc' dir='ltr'><strong><em>ές</em></strong></span> <span class='ocrx_word' id='word_1_236' title='bbox 510 3222 547 3293; x_wconf 80' lang='grc' dir='ltr'><strong><em>τὸ</em></strong></span> <span class='ocrx_word' id='word_1_237' title='bbox 569 3239 682 3312; x_wconf 74' lang='grc' dir='ltr'><strong><em>τεῖχος.</em></strong></span> <span class='ocrx_word' id='word_1_238' title='bbox 716 3232 784 3295; x_wconf 79' lang='grc' dir='ltr'><strong><em>ἔστι</em></strong></span> <span class='ocrx_word' id='word_1_239' title='bbox 807 3226 844 3296; x_wconf 73' lang='grc' dir='ltr'><strong><em>δέ</em></strong></span> <span class='ocrx_word' id='word_1_240' title='bbox 857 3225 980 3313; x_wconf 81' lang='grc' dir='ltr'><strong><em>μεταξύ</em></strong></span> <span class='ocrx_word' id='word_1_241' title='bbox 994 3232 1052 3313; x_wconf 86' lang='grc' dir='ltr'><strong><em>τῆς</em></strong></span> <span class='ocrx_word' id='word_1_242' title='bbox 1067 3250 1103 3293; x_wconf 85' lang='grc' dir='ltr'><strong><em>τε</em></strong></span> <span class='ocrx_word' id='word_1_243' title='bbox 1119 3250 1166 3291; x_wconf 88' lang='grc' dir='ltr'><strong><em>πα</em></strong></span> 
     </span>
     <span class='ocr_line' id='line_1_32' title="bbox 49 3318 1175 3412; baseline 0.003 -25"><span class='ocrx_word' id='word_1_244' title='bbox 49 3370 53 3375; x_wconf 90' lang='grc'>-</span> <span class='ocrx_word' id='word_1_245' title='bbox 179 3324 277 3402; x_wconf 66' lang='grc' dir='ltr'><strong><em>λαιῆς</em></strong></span> <span class='ocrx_word' id='word_1_246' title='bbox 293 3318 428 3406; x_wconf 86' lang='grc' dir='ltr'><strong><em>πόλιος,</em></strong></span> <span class='ocrx_word' id='word_1_247' title='bbox 450 3318 474 3407; x_wconf 76' lang='grc' dir='ltr'><em>ἣ</em></span> <span class='ocrx_word' id='word_1_248' title='bbox 493 3322 568 3390; x_wconf 85' lang='grc' dir='ltr'><strong><em>τότε</em></strong></span> <span class='ocrx_word' id='word_1_249' title='bbox 584 3326 830 3412; x_wconf 80' lang='grc' dir='ltr'><strong><em>ἐπολιορκέετο,</em></strong></span> <span class='ocrx_word' id='word_1_250' title='bbox 852 3326 908 3394; x_wconf 82' lang='grc' dir='ltr'><strong><em>καὶ</em></strong></span> <span class='ocrx_word' id='word_1_251' title='bbox 926 3330 988 3393; x_wconf 87' lang='grc' dir='ltr'><strong><em>τοῦ</em></strong></span> <span class='ocrx_word' id='word_1_252' title='bbox 1002 3330 1089 3410; x_wconf 87' lang='grc' dir='ltr'><strong><em>νηοῦ</em></strong></span> <span class='ocrx_word' id='word_1_253' title='bbox 1104 3325 1175 3391; x_wconf 82' lang='grc' dir='ltr'><strong><em>ἑπτ</em></strong></span> 
     </span>
     <span class='ocr_line' id='line_1_33' title="bbox 54 3413 1170 3511; baseline 0.004 -29"><span class='ocrx_word' id='word_1_254' title='bbox 54 3454 57 3459; x_wconf 94' lang='grc'>-</span> <span class='ocrx_word' id='word_1_255' title='bbox 177 3413 318 3486; x_wconf 87' lang='grc' dir='ltr'><strong><em>στάδιοι.</em></strong></span> <span class='ocrx_word' id='word_1_256' title='bbox 348 3419 509 3501; x_wconf 84' lang='grc' dir='ltr'><strong><em>πράτοισι</em></strong></span> <span class='ocrx_word' id='word_1_257' title='bbox 530 3421 594 3506; x_wconf 73' lang='grc' dir='ltr'><strong><em>μέν</em></strong></span> <span class='ocrx_word' id='word_1_258' title='bbox 616 3420 657 3507; x_wconf 77' lang='grc' dir='ltr'><strong><em>δὴ</em></strong></span> <span class='ocrx_word' id='word_1_259' title='bbox 674 3424 822 3494; x_wconf 88' lang='grc' dir='ltr'><strong><em>τούτοισι</em></strong></span> <span class='ocrx_word' id='word_1_260' title='bbox 842 3418 1062 3511; x_wconf 82' lang='grc' dir='ltr'><strong><em>έπεχείρησεὸ</em></strong></span> <span class='ocrx_word' id='word_1_261' title='bbox 1080 3429 1170 3504; x_wconf 81' lang='grc' dir='ltr'><strong><em>Κροτ</em></strong></span> 
     </span>
     <span class='ocr_line' id='line_1_34' title="bbox 57 3540 549 3592; baseline 0.002 -1"><span class='ocrx_word' id='word_1_262' title='bbox 57 3540 195 3592; x_wconf 57' lang='lat' dir='ltr'><strong><em>.AE</em></strong></span> <span class='ocrx_word' id='word_1_263' title='bbox 546 3544 549 3549; x_wconf 83' lang='lat'>&#39;</span> 
     </span>
    </p>
   </div>
   <div class='ocr_carea' id='block_1_3' title="bbox 0 0 1188 3840">
    <p class='ocr_par' dir='ltr' id='par_1_11' title="bbox 0 0 1188 3840">
     <span class='ocr_line' id='line_1_35' title="bbox 0 0 1188 3840; baseline 0 0"><span class='ocrx_word' id='word_1_264' title='bbox 0 0 1188 3840; x_wconf 95' lang='lat' dir='ltr'><strong><em> </em></strong></span> 
     </span>
    </p>
   </div>
  </div>
 </body>
</html>
