2340 3832
137 217 199 280 304
523 221 772 279 νυοοοονι
899 300 901 303 ¹

138 378 289 466 ἡμερέων
308 384 544 448 πεντεκαίδεκα
565 376 664 464 ὁδόν,
688 385 799 445 πᾶσαν
819 380 943 448 έοῦσαν
961 381 1065 470 ψιλὴν
1084 385 1131 450 καί

139 479 266 567 ἀγρίων
280 481 335 546 καί
347 474 483 566 ἡμέρων
500 479 684 564 δενδρέων·
707 474 943 561 ὑπεροικέουσι
958 481 995 547 δὲ
1008 481 1130 550 τούτων

138 583 298 666 δευτέρην
314 578 409 656 λάξιν
420 583 549 662 ἔχοντες
560 579 735 661 Βουδῖνοι,
750 582 815 661 γῆν
829 575 1010 663 νεμόμενοι
1027 587 1130 646 πᾶσαν

89 707 124 760 22
138 680 261 746 δασέαν
277 673 341 762 ύλη
356 681 504 763 παντοίη.
535 678 711 742 Βουδίνων
726 675 762 742 δέ
776 676 970 762 κατύπερθε
980 675 1067 764 πρός
1076 685 1129 764 βο-

136 779 217 862 ρέην
237 776 304 840 έστί
325 772 440 858 πρώτη
461 780 524 858 μὲν
544 774 664 858 έρῆμος
686 768 738 838 ἐπ’
760 769 912 857 ἡμερέων
935 772 1017 841 ἑπτά
1044 771 1128 858 ὁδόν,

134 871 215 959 μετά
237 872 273 938 δὲ
287 870 348 956 την
364 874 487 957 έρῆμον
508 867 721 937 ἀποκλίνοντι
737 875 866 954 μᾶλλον
886 868 970 956 πρδς
984 868 1128 957 ἀπηλιώ·

133 999 195 1058 την
219 968 345 1056 ἀνεμου
366 975 522 1056 νέμονται
543 973 771 1056 Θυσσαγέται,
802 975 904 1049 ἔθνος
928 971 1057 1040 πολλδν
1080 973 1128 1039 καὶ

134 1073 238 1137 ίδιον·
262 1068 382 1147 ζώουσι
403 1072 439 1136 δὲ
463 1065 528 1135 ἀπδ
550 1069 668 1155 θήρης.
701 1071 854 1154 συνεχέες
875 1068 912 1136 δέ
932 1071 1081 1139 τούτοισι
1097 1074 1128 1138 έν

133 1181 218 1235 τοῖσι
239 1164 368 1235 αὑτοῖσι
388 1167 519 1236 τόποισι
539 1172 771 1253 κατοικημένοι
793 1168 876 1271 είσὶχ
894 1182 978 1236 τοῖσι
1005 1168 1126 1254 οὕνομα

131 1279 235 1334 κεῖται
246 1264 385 1351 Ἰύρκαι,
401 1268 456 1332 καὶ
471 1258 564 1333 οὑτοι
580 1263 645 1332 ἀπό
659 1267 768 1351 θήρης
783 1266 922 1346 ζώοντες
935 1268 1051 1360 τρόπω
1065 1293 1125 1335 τοι·

130 1368 210 1452 ῷδε·
232 1369 313 1451 λοχᾷ
327 1364 380 1430 ἐπὶ
401 1366 559 1445 δένδρεον
580 1360 706 1449 ἀναβάς
727 1361 782 1451 (τά
799 1367 838 1431 δέ
855 1365 923 1432 ἐστι
938 1363 1053 1434 πυκνά
1068 1361 1125 1434 ἀνά

129 1469 241 1530 πᾶσαν
254 1460 315 1549 τὴν
328 1463 475 1549 χώρην),
496 1466 596 1540 ἵππος
617 1461 653 1529 δέ
673 1461 799 1551 ἑκάστω
821 1465 1061 1550 δεδιδαγμένος
1079 1466 1124 1532 έπὶ

127 1564 270 1648 γαστέρα
287 1562 424 1628 κέεσθαι
444 1559 678 1646 ταπεινότητος
701 1562 829 1627 είνεκεν
843 1561 972 1646 ἑτοίμός
989 1565 1058 1630 ἐστι
1078 1563 1124 1630 καί

127 1657 238 1724 κύων·
262 1653 363 1724 ἐπεάν
384 1661 420 1724 δὲ
444 1655 545 1745 ἀπίδη
572 1654 608 1724 τδ
630 1665 754 1743 θηρίον
780 1654 844 1725 ἀπὸ
872 1666 933 1726 τοῦ
959 1663 1122 1749 δενδρέου,

129 1752 287 1834 τοξεύσας
302 1756 356 1823 καί
372 1752 487 1841 ἐπιβάς
503 1757 555 1823 έπί
574 1752 636 1822 τδν
657 1759 760 1823 ἵππον
780 1755 910 1845 διώκει,
932 1761 988 1828 καὶ
1002 1757 1021 1828 ὁ
1037 1757 1122 1828 κύων

128 1863 242 1943 ἔχεται.
276 1853 361 1943 ὑπὲρ
383 1857 419 1924 δὲ
440 1856 569 1923 τούτων
592 1854 629 1923 τό
652 1854 736 1941 πρὸς
757 1853 820 1942 την
839 1854 890 1943 ηώ
913 1853 1121 1926 ἀποκλίνοντι

127 1959 273 2023 οἰκέουσι
288 1953 425 2024 Σκύθαι
447 1953 557 2041 ἀλλοι,
580 1951 645 2022 ἀπό
666 1962 734 2021 τών
755 1961 938 2041 βασιληίων
960 1959 1120 2024 Σκυθέων

126 2049 330 2132 ἀποστάντες
344 2056 399 2121 καί
415 2052 503 2121 οὑτω
525 2051 723 2139 ἀπικόμενοι
744 2055 777 2130 ές
790 2059 911 2119 τούτου
930 2051 992 2121 τδν
1006 2062 1118 2142 χώρου.

81 2174 116 2226 23
126 2153 235 2236 Μέχρι
254 2153 315 2237 μέν
331 2149 371 2236 δὴ
392 2159 449 2236 τῆς
469 2151 598 2218 τούτων
618 2158 685 2218 τών
699 2152 868 2219 Σκυθέων
883 2152 994 2239 χώρης
1017 2154 1082 2221 ἐστὶ
1100 2147 1117 2235 ἡ
1150 2215 1152 2221 .

126 2255 363 2332 καταλεχθεῖσα
376 2253 467 2314 πάσα
486 2247 602 2326 πεδιάς
618 2274 653 2314 τε
673 2257 716 2335 γη
736 2252 790 2316 καὶ
811 2251 1018 2336 βαθύγαιος,
1038 2249 1075 2318 τδ
1090 2243 1118 2315 δ’

126 2340 191 2411 ἀπὸ
207 2341 329 2411 τούτου
343 2343 492 2431 λιθώδης
512 2341 542 2410 τ’
559 2345 624 2412 ἐστὶ
642 2347 697 2412 καί
710 2348 837 2432 τρηχέα.
868 2346 1074 2426 διεξελθόντι
1088 2344 1118 2413 δὲ

125 2445 181 2510 καὶ
195 2448 253 2528 τῆς
262 2446 399 2529 τρηχέης
408 2449 519 2529 χώρου
530 2440 657 2510 πολλδν
669 2448 814 2512 οἰκέουσι
825 2442 985 2531 ὑπώρεαν
996 2445 1117 2533 οὐρέων

125 2539 266 2624 ὑψηλῶν
282 2537 458 2624 ἀνθρωττοι
473 2541 648 2627 λεγόμενοι
665 2539 749 2609 εἶναι
770 2541 891 2622 πάντες
906 2548 1072 2634 φαλακροί
1088 2546 1118 2612 έκ

123 2642 241 2721 γενεῆς
254 2637 443 2721 γινόμενοι,
465 2640 519 2706 καί
541 2644 671 2726 ἔρσενες
693 2641 747 2706 καὶ
766 2639 887 2726 θηλεαι
908 2639 1048 2730 ὁμοίως,
1069 2641 1116 2709 καὶ

124 2733 214 2817 σιμοί
228 2737 282 2799 καὶ
297 2736 409 2818 γένεια
424 2740 552 2820 ἔχοντες
563 2737 707 2823 μεγάλα,
724 2733 843 2824 φωνὴν
854 2737 890 2805 δέ
904 2743 994 2827 ίδίην
1008 2745 1114 2824 ἱέντες,
1160 2806 1162 2813 .

124 2832 241 2916 ἐσθῆτι
271 2834 306 2899 δὲ
330 2831 504 2919 χρεόμενοι
525 2840 699 2922 Σκυθικῇ,
729 2833 876 2914 ζώοντες,
891 2836 928 2905 δὲ
954 2833 1020 2906 ἀπδ
1048 2842 1117 2906 δεν-

124 2932 241 3016 δρέων.
269 2927 430 2997 ποντικὸν
449 2931 511 3016 μὲν
528 2927 657 3016 ούνομα
677 2938 722 3021 τῷ
737 2934 899 3022 δενδρέῳ,
921 2927 1042 3005 ἀπ’,οὑ
1061 2931 1117 3015 ζώ-

124 3045 216 3110 ουσι,
239 3027 387 3110 μέγαθος
407 3027 443 3094 δὲ
457 3025 540 3094 κατά
560 3030 684 3115 συκέην
698 3027 840 3114 μάλιστά
854 3054 912 3117 κη·
932 3031 1066 3115 καρπόν
1083 3032 1116 3099 δέ
1157 3030 1162 3147 χ

123 3124 237 3207 φορέει
250 3122 368 3215 κυάμῳ
384 3134 474 3210 ἴσον,
496 3133 629 3210 πυρῆνα
641 3128 677 3193 δὲ
689 3132 770 3211 ἔχει·
791 3132 890 3192 τοῦτο
905 3125 1008 3195 έπεάν
1021 3133 1116 3216 γένη·

121 3246 175 3285 ται
192 3223 315 3306 πέπον,
336 3225 513 3288 σακκέουσι
527 3227 700 3309 ἱματίοισι,
723 3220 879 3308 ἀπορρέει
890 3222 923 3290 δ’
938 3224 998 3295 ἀπ’
1015 3225 1115 3294 αὑτοῦ

110 3313 210 3400 ,ταχύ
229 3317 284 3383 καὶ
297 3319 417 3405 μέλαν,
440 3318 569 3404 ούνομα
588 3321 624 3387 δέ
639 3327 684 3408 τῷ
705 3317 907 3407 ἀπορρέοντί
927 3325 997 3390 ἐστι
1017 3322 1113 3411 ἀσχν·

66 3418 216 3600 Ἰτο
237 3415 291 3478 καὶ
307 3421 452 3500 λείχουσι
473 3420 527 3484 καὶ
548 3417 687 3502 γάλακτι
709 3425 951 3503 συμμίσγοντες
970 3429 1113 3500 πίνουσι,

1153 3550 1162 3589 Ι
