2354 3840
16 180 36 329 ’ἑ
341 187 436 260 LlB.⁴
460 187 506 243 lv.
540 185 638 242 CAP
666 189 750 245 65—
765 191 807 246 70.
1014 182 1077 247 323

16 336 32 493 ἑ-
69 347 307 432 ἑλέγχουσιί
269 371 291 465 μ
330 344 482 431 μάντιες,
509 340 553 422 ἀς
575 342 776 429 ἐπιορκήσας
803 349 957 429 φαίνεται
980 345 1018 412 ἐν
1036 352 1077 434 τῇ

16 512 23 527 ,
16 450 215 532 μαντικῇ
240 440 300 522 τάς
327 448 501 530 βασιληίας
526 445 632 520 ίστιῦις
651 441 706 508 καί
729 437 785 509 διά
806 446 910 508 ταῦτα
924 437 1033 526 ἀλγέει
1057 439 1075 508 ὀ

16 538 24 557 ”
69 542 246 630 βασιλεύς·
282 538 353 608 ὁδί
369 538 539 626 ἀρνέεται,
559 536 601 605 οῦ
616 538 766 624 φάμενος
782 542 993 625 ἐπιορκῆσαι,
1019 543 1076 606 καί

70 642 323 726 δεινολογέεται.
354 637 562 727 ἀρνεομένου
577 638 614 704 δ
628 635 752 703 τούτου
766 662 784 703 ο
772 631 957 724 ’βασιλεῦς
973 659 1074 718 μετα-

69 736 233 821 πέμπεται
255 735 378 815 ἀλλους
395 740 589 821 διπλησίους
603 733 758 821 μάντιας·
792 735 847 802 καί
867 728 911 820 ήν
932 735 994 819 μὲν
1020 733 1076 798 καί

70 827 167 903 οὗτοι
185 837 375 922 ἐσορέοντες
389 838 421 913 ἐς
435 832 498 920 τήν
513 830 677 920 μαντικήν
694 831 902 920 καταδήσωσι
918 833 1076 918 ἐπιορκή-

70 955 144 1022 σαι,
157 938 237 1003 ’τοῦ
255 933 292 1002 δὲ
318 938 418 1013 ίῦέως
442 933 504 1021 τήν
529 930 681 1019 κεφαλήν
702 930 933 1019 ἀποτάμνουσι
956 932 1012 998 καί
1035 926 1075 996 τά

69 1032 221 1120 χρήματα
236 1031 342 1100 αὐτοῦ
356 1030 617 1117 διαλαγχάνουσι
633 1035 667 1097 οί
679 1037 805 1114 πρῶτον
822 1035 890 1097 τῶν
910 1035 1073 1116 μαντίων

70 1125 116 1215 ήν
131 1131 167 1196 δὲ
183 1133 217 1196 οί
230 1130 429 1209 ἐπελθόντες
444 1128 578 1216 μάντιες
594 1125 804 1215 ἀπολύσωσι,
827 1126 922 1196 ἀλλοι
939 1127 1074 1213 πάρεισι

70 1224 207 1310 μάντιες
221 1229 276 1295 καὶ
292 1227 380 1311 μάλα
398 1225 510 1295 ἄλλοι·
532 1221 577 1314 ήν
592 1219 640 1293 ἀν
656 1230 691 1293 οί
703 1233 845 1305 πλεῦνες
859 1223 920 1292 τὸν
935 1223 1074 1312 ἀνθρω-

72 1349 139 1391 πον
153 1321 364 1412 ἀπολύσωσι,
387 1328 539 1394 δέδοκται
559 1339 643 1392 τοῖσι
661 1323 822 1410 πρύτοισι
842 1330 910 1391 τῶν
924 1328 1073 1409 μαντίων

73 1417 202 1490 αύτοῖσι
229 1420 451 1492 ἀπόλλυσθαι.
499 1420 677 1491 Ἀπολλῦσι
706 1427 787 1510 δήτοι
812 1420 935 1501 αύτούς
959 1420 1072 1510 τρόπω
1085 1448 1119 1504 69

73 1525 204 1610 τοιῷδε·
227 1521 330 1590 ἐπεὰν
345 1522 475 1608 ἅμαξαν
490 1523 677 1608 φρυγάνων
691 1524 842 1611 πλήσωσι
859 1527 914 1593 καί
928 1521 1072 1604 ῦποζεύτ

73 1621 150 1699 ξωσι
165 1626 264 1707 βοῦς,
279 1623 518 1706 ἐμποδίσαντες
527 1620 607 1700 τοῦς
620 1623 760 1709 μάντιας
775 1626 829 1692 καί
838 1639 949 1711 χεῖρας
964 1621 1071 1691 ὀπίσω

73 1720 231 1807 δήσαντες
245 1723 300 1789 καί
314 1722 543 1808 στομώσαντες
557 1731 758 1810 κατεργνῦσι
773 1726 806 1803 ἐς
823 1728 906 1809 μέσα
923 1722 962 1790 τά
984 1723 1074 1809 φρύ-

71 1844 174 1903 γανα,
196 1815 449 1907 ὑποπρήσαντες
467 1820 504 1887 δὲ
518 1817 603 1888 αύτά
625 1819 749 1890 ἀπιεῖσι
765 1822 973 1910 φοβήσαντες
994 1819 1074 1898 τοῦς

70 1923 161 2004 βοῦς.
178 1919 295 1985 πολλοί
305 1918 367 2003 μὲν
378 1916 417 2004 δή
431 1925 731 2003 συγκατακαίονται
742 1934 826 1987 τοῖσι
837 1920 972 2007 μάντισι
983 1917 1080 2005 βόες,“·

70 2013 186 2081 πολλοί
207 2013 244 2081 δὲ
266 2016 544 2101 περικεκαυμένοι
565 2013 815 2104 ἀποφεύγουσι,
836 2015 939 2085 ἐπεάν
959 2014 1073 2083 αύτων

64 2105 209 2197 -ὁβυμδς
222 2119 428 2201 κατακαυθῇ.
453 2121 669 2182 κατακαίουσι
681 2115 718 2182 δὲ
728 2115 883 2208 τρόπφ
852 2141 898 2183 τω
884 2117 1072 2205 είρημένφ

68 2208 125 2284 καί
145 2204 190 2274 δι’
212 2206 314 2287 άλλας
336 2237 357 2277 α
359 2216 442 2329 ίτίμς
476 2209 557 2289 τοῦς
587 2211 720 2297 μάντις,
753 2211 975 2300 νευδομάντις
1011 2240 1073 2280 κα-

67 2304 208 2382 λέοντες.
237 2303 316 2384 τοῦς
337 2303 407 2373 δ’
392 2306 436 2374 άν
456 2305 635 2397 ἀποκτείνη
649 2308 823 2396 βασιλεῦς,
845 2310 978 2379 τούτων
992 2306 1072 2376 οῦδὲ

66 2399 148 2480 τοῦς
166 2406 287 2482 παῖδας
307 2413 359 2474 λεί
345 2414 430 2491 ίπει,
453 2403 537 2474 ἀλλά
555 2406 664 2473 πάντα
678 2404 718 2474 τά
734 2412 852 2494 ἔρσενα
867 2414 1006 2492 κτείνει,
1030 2404 1071 2472 τά

67 2499 105 2566 δὲ
117 2499 226 2586 θήλεα
242 2499 305 2571 οῦκ
321 2500 453 2572 ἀδικέει.
1144 2589 1145 2593 ¹

145 2595 263 2685 ’Όρκια
279 2600 315 2668 δὲ
328 2606 503 2669 ποιεῦνται
513 2602 651 2670 Σκύθαι
665 2596 728 2669 ύδε
743 2598 828 2687 πρὸς
840 2599 920 2679 τοῦς
934 2596 979 2665 ἀν
992 2624 1113 2682 ποι-ηρ

65 2703 203 2768 έωνταν
226 2703 259 2781 ἐς
278 2703 400 2771 κύλικα
421 2703 571 2790 μεγάλην
591 2708 775 2789 κεραμίνην
792 2699 886 2769 οἶνον
900 2703 1070 2787 ἐγχέαντες

64 2796 147 2886 αἷμα
169 2807 393 2887 συμμίσγουσι
415 2807 485 2868 τῶν
505 2799 545 2870 τά
558 2800 655 2889 ὅρκια
677 2804 911 2888 ταμνομένων,
940 2798 1071 2880 τύψαν-

63 2923 118 2976 τες
138 2892 287 2985 δπέατιή
302 2899 516 2986 ἐπιταμόντες
531 2908 674 2989 μαχαίρη
686 2897 829 2987 σμικρὸν
842 2906 903 2967 τοῦ
918 2898 1070 2985 σώματος

63 3001 120 3067 καί
145 3003 274 3067 ἔπειτεν
293 2997 528 3088 ἀποβάψαντες
550 3005 582 3080 ἐς
604 2999 666 3087 τήν
688 3000 808 3068 κύλικα
829 2997 989 3067 ἀκινάκεα
1014 3002 1070 3067 καί

16 3128 24 3141 ·
63 3093 198 3175 ὀλστοῦς
223 3100 278 3164 καί
302 3098 446 3186 σάγαριν
471 3101 528 3167 καί
556 3097 731 3169 ἀκόντιον·
767 3096 868 3166 ἐπεάν
901 3101 937 3166 δὲ
963 3097 1068 3167 ταῦτα

62 3194 245 3281 ποιήσωσι,
272 3195 490 3282 κατεύχονται
509 3196 616 3266 πολλοὶ
640 3200 695 3266 καί
715 3202 843 3265 ἔπειτεν
864 3194 1068 3266 ἀποπίνουσι

63 3290 164 3359 αῦτοί
180 3316 216 3358 τε
237 3295 271 3358 οί
283 3292 320 3361 τδ
339 3291 458 3381 ὅρκιον
474 3295 671 3381 ποιεύμενοι
688 3297 743 3364 καί
765 3301 832 3363 τῶν
847 3295 1020 3382 ἑπομένων
1035 3299 1071 3364 ol*

58 3398 221 3462 πλείστου
238 3388 333 3471 ἀξιοι.
911 3482 932 3519 ἡ

869 3494 911 3541 ‘u
