2354 3840
134 223 197 284 244
515 225 768 284 HERODOTI

134 406 170 447 τε
184 377 245 446 τόν
258 387 425 466 Σμέρδιος
439 382 592 452 θάνατον
609 379 653 457 ὡς
668 380 850 466 κρύπτοιτο
863 380 1064 466 γενόμενος,
1085 379 1130 444 κτλ
1176 421 1177 436 ι

137 477 182 557 ὡς
199 477 306 565 ὀλίγοι
332 475 419 567 ήσαν
442 487 477 550 οί
495 479 708 565 ἐπιστάμενοι
731 474 836 544 αὐτόν
855 479 1035 564 Περσέων,
1056 473 1131 544 οίδί

139 582 255 647 πολλοί
270 580 447 664 περιεόντα
462 605 521 665 μιν
537 582 712 661 εἰδείησαν.
735 573 820 658 πρὸς
834 583 938 642 ταῦτα
954 573 1132 662 βουλεύσας
1169 648 1172 655 ,

139 679 217 746 τάδε
233 681 420 763 ἐπεχείρησε
435 691 520 744 τοῖσι
537 681 755 762 βασιληίοισι·
775 669 819 761 ήν
834 679 868 743 οί
880 671 1062 760 ἀδελφεός,
1081 668 1132 740 τὸν
1175 756 1176 772 ζ

139 774 214 842 εἶπά
230 779 264 842 οί
275 782 616 862 σννεπαναστήναι,ο
598 771 697 852 οίκάς
711 774 853 859 μάλιστα
866 772 904 842 τό
916 772 1004 852 εἶδος
1014 774 1133 889 Σμέρβι

138 881 184 962 τῷ
204 873 339 959 Κύρου,
371 872 432 942 τόν
456 871 475 942 ὁ
496 872 680 960 Καμβύσης
704 871 802 940 έόντα
825 874 952 940 ἑωυτοῦ
975 866 1133 956 ἀδελφεόν

139 964 364 1037 ἀπέκτεινε.
341 997 386 1059 ην
400 998 436 1040 τε
453 969 494 1059 δή
509 969 623 1057 ὁμοῖος
639 967 726 1048 εἶδος
739 995 786 1058 τςο
771 971 943 1054 ’Σμέρδι,
960 972 1017 1036 καί
1030 967 1072 1054 δή
1087 969 1133 1035 καί

140 1065 270 1151 οὔνομα
282 1065 389 1137 τάντὸ
405 1069 469 1157 εἶχε
479 1072 638 1156 Σμέρδιν.
661 1073 783 1134 τοῦτον
792 1063 853 1134 τόν
863 1063 1005 1153 άνδρα’
984 1065 1135 1152 αναγνό-

140 1184 200 1242 σας
215 1162 233 1231 ὁ
248 1165 354 1252 μάγος
366 1174 472 1248 Πατιζ
455 1163 633 1253 ζ”είθης,
605 1192 649 1243 ως
664 1170 699 1233 οί
718 1158 818 1242 αὐτὸς
832 1163 941 1230 πάντα
956 1168 1134 1252 διαπρήξει,

140 1256 243 1329 είσε”
221 1290 315 1347 αγων
332 1262 418 1343 ές
384 1290 445 1331 τον
459 1264 634 1350 βασιλήιον
649 1263 790 1348 θρόνον.
824 1259 964 1348 ποιήσας
986 1262 1023 1328 δὲ
1042 1267 1135 1328 τοῦτο

140 1358 288 1444 κήρυκας
307 1368 347 1446 τῇ
366 1387 401 1427 τε
422 1359 507 1448 άλλη
531 1360 690 1443 διέπεμπε
711 1361 766 1426 καί
783 1356 823 1445 δή
845 1362 900 1426 καί
920 1362 954 1438 ές
967 1367 1136 1445 Αἴγυπτον

142 1460 345 1540 προερέοντα
361 1463 406 1545 τῷ
423 1464 567 1546 στρατῷ,
590 1453 634 1533 ὡς
648 1458 813 1542 Σμέρδιος
826 1462 887 1524 τοῦ
904 1452 1056 1543 Κύρον’
1037 1479 1137 1522 ακον-

142 1648 236 1719 ἄλλοι
259 1650 401 1738 κήρυκες
421 1655 655 1740 προηγόρευον
675 1643 796 1737 ταῦτα,
823 1656 879 1720 καί
904 1652 945 1739 δή
970 1650 1062 1720 καί
1045 1678 1066 1720 ο
1086 1649 1136 1719 ἐπ’

140 1755 314 1832 Αίγνπτον
324 1749 526 1837 ταχθείς,”
486 1771 620 1837 ενρισκε
630 1747 695 1837 γάρ
706 1751 895 1837 Καμβύσην
904 1754 959 1818 καί
969 1749 1030 1818 τὸν
1040 1771 1139 1837 στρα-

139 1842 199 1913 τδν
210 1845 308 1914 ἐόντα
322 1856 379 1936 τῆς
389 1856 517 1936 Συρίης
528 1853 564 1917 ἐν
577 1847 825 1936 Ἀγβατάνοισι,
839 1847 1050 1935 προηγόρευε
1063 1846 1139 1927 στάς

63 1971 68 1977 ·
140 1948 173 2023 ές
187 1949 290 2030 μέσον
309 1946 349 2015 τά
370 1952 586 2035 ἐντεταλμένα
609 1950 645 2014 ε’κ
659 1955 720 2014 τοῦ
741 1947 861 2033 μάγον.
906 1947 1093 2036 Καμβύσης
1106 1946 1141 2016 δέ

140 2041 287 2123 άκούσας
307 2053 410 2112 ταῦτα
428 2049 464 2113 έκ
484 2054 546 2114 τοῦ
563 2047 709 2132 κήρυκος
729 2047 784 2112 καὶ
804 2048 938 2124 ἐλπίσας
958 2072 1018 2132 μιν
1031 2047 1142 2132 λέγειν

139 2138 267 2225 άληθέα
292 2139 392 2218 αύτός
417 2169 453 2209 τε
477 2143 706 2229 προδεδόσθαι
735 2145 771 2209 ἐκ
794 2143 1013 2229 Πρηξάσπεος
1042 2149 1142 2229 (πεμ-

140 2246 271 2324 φθέντα
287 2240 352 2328 γάρ
372 2239 477 2310 αότδν
495 2241 539 2321 ὡς
560 2241 802 2310 ἀποκτενέοντα
818 2247 967 2329 Σμέρδιν
983 2239 1027 2309 ού
1043 2249 1142 2327 ποιή-

139 2361 195 2408 σαι
212 2347 341 2429 ταῦτα),
355 2348 479 2432 βλέψας
493 2347 527 2422 ές
538 2342 598 2411 τὸν
608 2342 810 2429 Πρηξάσπεα
824 2342 909 2410 εἶπε·
929 2342 1141 2429 Πρήξασπες,

139 2437 227 2506 οὕτω
244 2466 301 2526 μοι
322 2441 499 2528 διεπρήξαο
521 2442 560 2509 τό
578 2467 630 2508 τοι
653 2443 847 2527 προσέθηκα
864 2449 1017 2528 πρήγμα;
1052 2439 1090 2508 Ὁ
1107 2441 1142 2506 δὲ

140 2536 226 2603 εἷπε·
260 2532 299 2604 Ὦ
322 2543 481 2626 δέσποτα,
503 2537 565 2607 οὐκ
584 2545 652 2607 έστι
670 2545 774 2606 ταῦτα
788 2537 934 2624 άληθέα,
954 2537 1043 2618 ὅκως
1068 2539 1145 2606 κοτέ

138 2653 192 2699 σοι
208 2636 354 2727 Σμέρδις
375 2634 536 2723 ἀδελφεὸς
557 2635 575 2704 ὁ
598 2635 656 2715 σός
676 2639 892 2724 ἐπανέστηκε,
915 2633 994 2704 οὐδὲ
1008 2635 1099 2716 ὅπως
1112 2665 1144 2705 τι

138 2730 171 2806 ἐξ
186 2729 317 2797 έκείνον
337 2738 397 2797 τοῦ
412 2730 536 2816 άνδρδς
560 2732 672 2811 νεῖκός
691 2758 742 2800 τοι
767 2739 858 2800 ἔσται
879 2728 901 2820 ή
917 2736 1001 2819 μέγα
1021 2730 1042 2820 ή
1065 2756 1145 2821 σμι-

138 2824 231 2912 κρόν.
262 2825 327 2911 ἐγώ
341 2825 406 2912 γάρ
422 2827 522 2907 αὐτὸς
538 2831 680 2916 ποιήσας
693 2827 734 2897 τά
750 2836 794 2898 σύ
809 2857 852 2916 με
865 2833 1014 2909 έκέλενες
1028 2832 1144 2913 ἔθαψά

125 2951 182 3010 μιν
207 2923 302 3011 χερσί
327 2928 402 3012 τῇσι
427 2928 607 3013 έμεωντού.
657 2934 689 2996 εί
717 2928 780 3015 μέν
810 2955 877 2996 ννν
900 2933 938 2998 οί
961 2939 1151 3015 τεθνεῶτες

130 3020 303 3112 ιἰνεστάσι,
334 3026 517 3115 προσδέκεό
547 3054 598 3096 τοι
627 3028 683 3095 καί
715 3025 902 3115 Ἀστυάγεα
931 3029 992 3099 τόν
1022 3039 1150 3120 Μήδον

132 3125 437 3211 ἐπαναστήσεσθαι·
465 3134 498 3197 εί
519 3125 553 3195 δ’
573 3133 642 3195 ἔστι
660 3128 771 3217 ὥσπερ
795 3127 861 3216 πρὸ
879 3136 959 3217 τού,
983 3129 1024 3200 ού
1050 3135 1099 3221 μή
1116 3141 1151 3203 τί

129 3251 180 3292 τοι
198 3230 235 3291 έκ
258 3252 296 3309 γε
315 3230 444 3296 ἐκείνου
462 3227 626 3313 νειότερον
643 3223 899 3318 άναβλαστήσει.
933 3237 1001 3300 νύν
1025 3225 1075 3301 οἷν
1091 3263 1146 3321 μοι

134 3323 242 3390 δοκέει
259 3322 523 3408 μεταδιώξαντας
542 3323 603 3394 τόν
624 3328 755 3416 κήρυκα
779 3329 940 3411 ἐξετάζειν
963 3333 1138 3416 είρωτέον-

133 3445 209 3503 τας,
231 3417 312 3504 παρ’
330 3419 408 3488 ότεν
423 3418 515 3506 ἥκων
529 3428 752 3512 προαγορεύει
766 3424 846 3513 ἡμῖν
857 3430 1025 3514 Σμέρδιος
1039 3435 1134 3510 βασι-
