2354 3840
141 182 205 245 ³54
520 181 773 240 HERODOTI

140 363 201 427 σφι
215 339 299 427 πρός
313 340 417 429 ταύτη
433 339 513 408 τάδε
528 346 610 428 ἔργα
624 368 660 408 τε
680 345 737 410 καί
754 348 833 410 έπεα
850 351 1068 426 προσθείναι,
1087 341 1135 431 τῇς

141 443 203 527 μὲν
216 441 368 528 γεφύρης
382 439 478 508 λύειν
495 437 536 506 τὰ
556 439 639 507 κατὰ
656 441 736 520 τούς
749 441 895 520 Σκύθας
915 439 1026 524 ἐόντα,
1053 434 1133 503 λύειν

141 542 178 607 δὲ
197 537 280 608 ὅσον
294 539 438 624 τόξευμα
458 539 653 620 ἐξικνέεται,
676 541 734 605 ἵνα
751 541 807 605 καλ
820 541 948 604 ποιέειν
961 561 993 603 τι
1009 532 1133 601 δοκέωσι

140 644 314 715 ποιεῦντες
335 639 440 722 μηδὲν
464 638 520 703 καί
538 640 572 703 οί
584 636 724 704 Σκύθαι
743 634 789 723 μὴ
808 636 976 727 πειρῴατο
988 630 1133 720 βιώμενοι

139 743 295 824 διαβῆναι
323 734 384 804 τόν
404 735 537 821 Ἵστρον
566 733 649 802 κατα
679 731 742 821 τὴν
771 732 944 820 γέφυραν,
979 735 1085 800 είπείν
1108 753 1135 796 τι

137 837 281 916 λύοντας
310 841 368 922 τὴς
398 835 546 923 γεφύρης
575 834 613 904 τό
638 838 671 914 ἐς
694 833 756 921 τὴν
780 829 960 918 Σκυθικὴν
982 837 1076 919 ἔχον,
1102 825 1135 908 ός

138 937 247 1006 πάντα
270 935 446 1021 ποιήσουσι
475 933 515 1002 τοὶ
542 934 706 1025 Σκύθησί
727 936 796 1002 ἐστι
820 935 858 1001 ἐν
887 929 1007 1059 ἡδονῇ.
1048 932 1160 999 ταῦτα·

141 1037 204 1124 μὲν
220 1038 436 1122 προσέθηκαν
447 1044 487 1125 τῇ
497 1038 632 1125 γνώμη,
654 1064 737 1124 μετα
724 1035 789 1106 δὲ
804 1040 841 1105 ἐκ
857 1036 998 1104 πάντων
1010 1032 1130 1117 ὑπεκρί-

141 1166 222 1206 νατο
243 1137 393 1216 Ἱστιαῖος
416 1137 495 1206 τάδε
520 1140 644 1223 λέγων
677 1137 819 1224 ’Ἄνδρες
839 1137 998 1221 Σκύθαι,
1023 1126 1130 1220 χρηστέ

140 1235 237 1325 ἥκετε
255 1237 414 1320 φέροντες
434 1238 490 1303 καί
506 1241 539 1315 ές
560 1233 681 1320 καιρόν
696 1239 890 1357 ἐπείγεσθε
909 1234 1020 1303 ταδ’
978 1260 1020 1302 τα
1036 1257 1071 1301 τε
1084 1222 1129 1297 ἆτ’

141 1334 254 1421 ὑμέων
267 1331 348 1422 ἡμίν
361 1341 510 1420 χρηστῶς
524 1330 662 1402 ὁδοῦται
677 1333 779 1402 καί
742 1362 783 1402 τα
797 1331 856 1402 ἄπ’
872 1332 988 1421 ἡμέων
1002 1333 1035 1410 ἐς
1046 1327 1129 1414 ὑμέες

141 1429 352 1518 ἐπιτηδέως’
333 1433 558 1517 υπηρετέεται.
589 1429 634 1510 ὡς
649 1431 715 1518 γάρ
732 1430 849 1518 ὁρᾶτε,
871 1434 928 1499 καί
944 1430 1070 1516 λύομεν
1083 1421 1127 1493 τόν

141 1529 250 1617 πόρον
273 1531 328 1597 καί
348 1536 543 1616 προθυμίην
566 1536 679 1597 πᾶσαν
707 1533 841 1617 ἕξομεν,
864 1532 1038 1604 ἐθέλοντες
1062 1522 1126 1591 εἶναι

141 1628 325 1713 ἐλεύθεροι
356 1620 443 1696 ἐν
415 1655 441 1718 φ
465 1624 543 1694 δέ’
525 1642 620 1714 ημεῑς
639 1628 720 1695 ταδε
740 1627 883 1713 λύομεν,
905 1623 1011 1712 ὑμέας
1031 1641 1126 1705 καιροί

140 1730 209 1794 ἐστι
224 1731 378 1811 δίζησθαι
392 1722 615 1809 ἐκείνους,ε
581 1726 742 1811 ευρόντας
758 1722 829 1793 δέ’
811 1727 897 1809 υπέρ
914 1749 950 1790 τε
963 1719 1075 1808 ἡμέων
1086 1712 1125 1783 καί

74 1856 123 1910 140
141 1821 254 1909 ὑμέων
268 1821 382 1891 αὑτων
394 1821 604 1891 τίσασθαι
568 1822 658 1890 ούτω
674 1820 718 1901 ὡς
729 1828 879 1900 ἐκείνους
889 1823 1017 1907 πρέπει.
1048 1811 1126 1886 Σκύ-

138 1933 200 1990 θαι
215 1920 331 2007 μέν
296 1948 333 1990 το
352 1921 529 2004 δεύτερον
529 1921 613 1989 Ίωσι
633 1922 870 1999 πιστεύσαντες
885 1924 997 2006 λέγειν
1017 1913 1127 2001 ἄληθέσ
1158 1998 1162 2009 Ι

139 2017 350 2105 ὑπέστρεφον
370 2021 423 2087 ἐπὶ
444 2019 577 2106 ζὴτησιν
597 2027 665 2088 τῶν
681 2025 859 2106 Περσέων,
880 2021 936 2086 καί
949 2015 1127 2106 ἡμάρτανον

139 2118 247 2202 πόσης
261 2124 318 2201 τῆς
335 2122 474 2184 ἐκείνων
491 2117 653 2197 διεξόδου.
676 2129 777 2187 αίτιοι
798 2118 835 2185 δὲ
854 2117 980 2185 τούτου
1001 2110 1130 2182 αύτοίοί

138 2212 278 2281 Σκύθαι
294 2215 464 2298 ἐγένοντο,
479 2213 539 2291 τοὶς
553 2213 660 2301 νομὰς
670 2224 739 2283 τῶν
749 2221 862 2283 ἵππων
875 2214 935 2294 τὰς
948 2212 1054 2300 ταύτῃ
1067 2214 1129 2277 δια·

139 2316 340 2396 φθείραντες
353 2314 409 2378 καὶ
422 2309 462 2378 τδι
481 2309 587 2379 ὑδατα
599 2311 839 2398 συγχώσαντες.
864 2318 895 2378 εί
903 2308 970 2396 γὰρ
981 2315 1082 2377 ταῦτα
1092 2302 1129 2391 μὴ

139 2411 315 2494 ἐποίησαν,
330 2422 464 2494 παρεῖχε
478 2406 522 2474 όίν
537 2428 642 2494 σφι,ε
626 2410 862 2495 είέβούλοντο,
877 2405 1133 2484 εύπετέωςέξεν·

140 2520 212 2590 ρείν
242 2504 322 2585 τούς
335 2510 482 2593 Πέρσας·
505 2514 571 2573 νύν
585 2505 673 2574 δεταί
688 2528 749 2592 σφι
763 2503 912 2574 έδόκεε”
890 2526 1010 2591 αριστα
1020 2509 1133 2589 βεβου·
1169 2508 1173 2573 ί

138 2610 298 2689 λεῦσθαι,
313 2630 396 2671 κατα
411 2613 514 2672 ταῦτα
529 2605 733 2690 ἐσφάλησαν
777 2603 916 2672 Σκύθαι
929 2606 993 2690 μέν
1007 2627 1073 2668 νυν
1086 2604 1134 2684 τῆς
1171 2664 1173 2669 ,

138 2703 299 2787 σφετέρης
313 2701 422 2787 χώρης
436 2729 476 2790 τη
462 2701 581 2788 χιλός
598 2729 633 2770 τε
650 2717 736 2770 τοῖσι
750 2706 882 2770 ίπποισι
895 2728 951 2770 και
940 2692 1107 2768 ι’ὕδατα
1087 2725 1134 2786 ην,
1171 2758 1173 2767 .

137 2798 241 2886 ταύτη
253 2796 430 2878 διεξιόντες
445 2801 591 2884 ἐδίζηντο
606 2796 686 2877 τούς
701 2795 954 2883 ἆντιπολέμους,
969 2800 1135 2873 δοκέοντες
1163 2830 1168 2839 ·

138 2899 192 2962 κάί
207 2897 355 2973 ἐκείνους
371 2891 425 2961 δια
440 2897 602 2963 τοιούτων
616 2895 679 2981 τὴν
693 2892 880 2981 ἀπόδρησιν
893 2897 1088 2982 ποιέεσθαι,
1110 2893 1137 2960 οί
1169 2962 1173 2997 a

138 2988 231 3077 δὲδὴ
249 2989 432 3078 Πέρσαι
398 3017 459 3059 τον
477 2994 645 3080 πρότερον
661 2994 795 3060 ἑωυτῶν
808 2992 996 3077 γενόμενον
1016 3011 1057 3060 στ
1057 2999 1136 3109 ίβογ,
1170 3042 1173 3047 -

137 3095 258 3155 τοῦτον
276 3087 534 3173 φυλασσοντες
518 3089 635 3176 ηἰσαν,
658 3092 714 3157 καί
729 3087 819 3157 οὕτω
838 3087 935 3174 μόγις
958 3079 1064 3176 εὑρον
1083 3085 1137 3156 τόν
1171 3166 1173 3173 Ι

137 3185 254 3270 πόρον.
277 3185 330 3256 οἷα
346 3189 382 3254 δέ
397 3188 520 3267 νυκτός
539 3214 575 3256 τε
592 3186 790 3275 ἀπικόμενοι
809 3215 865 3256 και
853 3190 1067 3275 λελυμένης
1086 3194 1137 3276 τὴς

136 3280 288 3369 γεφύρης
308 3284 500 3369 έντυχόντες
520 3288 553 3364 ές
576 3307 688 3354 πασαν
713 3282 927 3374 αρρωδίην’
908 3292 1071 3374 απίκατο,
1097 3283 1138 3374 μὴ
1171 3300 1173 3353 Ξ

72 3399 117 3456 141
137 3402 241 3466 σφεας
262 3377 315 3446 οί
315 3378 419 3461 ’λωνες
435 3390 512 3451 ἐωσι
534 3380 798 3463 ἀπολελοιπότες.
839 3377 903 3451 Ἦν
923 3386 960 3452 δὲ
974 3389 1053 3470 περὶ
1069 3395 1138 3456 Δα-
