2354 3840
132 206 194 270 128
505 202 755 260 HERonorl
816 198 823 209 ”

131 375 256 456 σαμβρί
254 393 309 531 ης,
340 371 381 454 τῇ
340 363 437 432 τὲδ
458 359 477 429 6
499 360 597 437 νότος
620 365 686 426 νῦν
710 361 842 446 ἕστηκε,
862 359 970 449 ταύτῃ
986 356 1025 427 66
1044 354 1122 447 ὁβο

131 468 277 553 θέλετέ
247 469 395 532 ταῦτα
412 457 501 527 οὕτω
516 453 627 543 εἶχε,
613 481 630 522 ο
646 452 776 543 ηλιος
754 482 799 525 αν
812 454 1122 576 ἀπελαυνόμενοςίι

130 567 234 682 μέσον
257 567 318 627 τοῦ
343 556 493 646 οὐρανοῦ
511 552 578 623 ὑπὸ
599 560 660 621 τοῦ
680 561 842 675 χειμῶνος
858 556 915 623 καί
933 560 999 624 τοῦ
1033 554 1122 645 βορέα

129 659 180 748 ήιε
197 654 241 726 ἄν
254 654 295 724 τά
311 654 382 725 άνω
395 661 454 742 τῆς
474 651 641 740 Εὐρώπης
662 652 811 736 κατάπερ
848 659 915 719 νῦν
934 657 996 739 τῆς
1010 648 1122 739 Λιβόης

132 768 269 847 ἔρχεται,
292 757 456 839 διεξιόντα
472 753 536 823 δ”
522 754 565 821 άν
585 779 644 840 μιν
658 751 714 822 διὰ
728 754 837 841 πάσης
853 751 1025 841 Εὐρώπης
1038 754 1122 821 ίλτο·

131 884 191 943 μαι
211 858 338 924 ποιέειν
359 851 403 923 άν
424 852 485 922 τὸν
500 852 633 940 Ἴστρον
662 850 766 939 τάπερ
799 857 866 918 νῦν
889 844 1107 939 ἐργάζεται
1076 872 1122 915 τοι

83 974 116 1028 27
131 963 265 1024 Νειλον.
310 961 375 1041 Τής
392 951 505 1074 αὔρης
526 951 561 1018 66
576 948 712 1038 πέρι,“
691 976 743 1018 οτι
762 945 825 1017 οὐκ
840 946 1021 1034 ἀποπνέει,
1037 944 1122 1035 τήιόι

132 1060 194 1140 έχω
208 1052 357 1139 γνώμην,
380 1048 424 1130 ὡς
438 1051 544 1138 κάρτα
560 1046 625 1117 άπο
615 1038 799 1137 θερμέων
813 1049 951 1135 χωρέων
966 1042 1032 1114 οὐκ
1047 1042 1122 1121 οίκός

132 1157 200 1222 έστι
215 1148 351 1220 οὐδέν’
333 1153 524 1236 αποπνέειν,
538 1147 625 1237 αόρη
641 1145 711 1217 66'
692 1145 757 1216 απὸ
776 1152 908 1235 ψυχροῦ
925 1142 1019 1223 τινός
1030 1144 1122 1231 φιλέει

131 1255 253 1320 πνέειν.

83 1371 117 1424 2ss
219 1355 330 1415 Ταῦτα
352 1349 412 1430 μέν
427 1371 494 1411 νυν
510 1350 593 1411 έστω
610 1341 654 1423 ὡς
675 1350 743 1411 ἔστι
759 1369 794 1411 τε
812 1346 867 1412 καί
882 1338 927 1421 ὥς
940 1337 1050 1430 ἀρχήν
1063 1340 1122 1426 έγέ·

130 1475 215 1518 νετο.
252 1453 313 1515 τοῦ
335 1445 371 1513 66
392 1452 520 1513 Νείλου
537 1443 595 1524 τάς
616 1442 723 1532 πηγάς
747 1442 823 1511 οὔτε
837 1448 1037 1530 Αἰγυπτίων
1057 1438 1122 1509 οὔτε

130 1548 269 1637 Λιβύων
287 1572 319 1614 οι
313 1543 364 1612 ”ve
379 1544 548 1633 Ἑλλήνων
563 1551 630 1612 τῶν
646 1548 718 1665 έμοὶ
733 1542 946 1630 ἀπικομένων
964 1544 999 1622 ές
1012 1539 1122 1629 λόγους

131 1645 241 1726 οὐδεὶς
255 1642 414 1730 ὑπέσχετο
431 1669 446 1711 ε
448 1646 656 1731 ὃεναι,
588 1669 676 1731 εμη
666 1641 794 1712 ἐνί
747 1650 794 1712 Al
792 1644 907 1734 γόπτω
922 1646 961 1710 έν
973 1642 1046 1711 Σάε
1055 1638 1122 1711 πόλι

130 1743 147 1813 6
173 1739 420 1831 γραμματιστής
444 1748 512 1808 τῶν
537 1745 621 1829 ίρων
651 1743 830 1830 χρημάτων
858 1747 916 1828 τῆς
941 1739 1122 1829 Ἀθηναίης

130 1835 228 1920 οὗτος
251 1840 282 1909 6²
309 1847 420 1926 ἔμοιγε
441 1843 569 1919 παίζειν
589 1841 702 1908 έᾶόκεε
723 1839 924 1926 φάμενοςί
893 1834 1054 1907 είὸέναι’
1035 1860 1122 1924 ατρε·

129 1943 221 2017 κε’ως.
257 1944 349 2023 ἔλεγε
363 1935 399 2004 δὲ
417 1927 498 2022 ὦδε,
522 1933 607 2003 εἶναι
624 1937 687 2004 δύο
704 1935 807 2020 οὔρεα
823 1938 856 2014 ές
870 1932 930 2015 ὀξέι
946 1932 1008 2014 τάς
1029 1958 1122 2023 κορυ

131 2034 197 2125 φάς
218 2035 407 2122 ἀπηγμένα,
437 2031 559 2119 μεταξὺ
580 2035 719 2122 Συήνης
738 2059 774 2101 τε
787 2034 904 2115 πόλιος
924 2040 1063 2121 κείμενα
1074 2038 1122 2121 τῆς

131 2137 298 2221 Θηβαίδος
322 2133 377 2196 καὶ
399 2127 647 2218 Ἐλεφαντίνης,
676 2129 848 2219 οὐνόματα
873 2131 910 2200 66
935 2129 1022 2201 εἶναι
1047 2146 1122 2203 τοῖσι

130 2230 246 2314 οὔρεσι
260 2237 306 2319 τῷ
321 2228 383 2314 μὲν
397 2235 537 2317 Κρῶφι,
559 2239 604 2322 τῷ
621 2234 657 2300 δέ
673 2239 790 2320 Μῶφι.
828 2229 887 2313 τὰς
902 2225 952 2301 όν
968 2231 1008 2321 δή
1025 2233 1122 2321 πηγάς

130 2334 191 2396 τοῦ
206 2331 334 2394 Νείλου
348 2325 468 2405 έοόσας
483 2324 653 2415 άβόσσους
671 2331 706 2396 έκ
723 2337 784 2397 τοῦ
800 2333 904 2416 μέσου
918 2338 988 2400 τοῖν
1003 2330 1122 2418 οὐρέων

129 2425 259 2494 τούτων
280 2427 385 2513 ῥέειν,
413 2429 468 2492 καί
482 2422 519 2492 τὸ
535 2427 597 2512 μὲν
617 2424 721 2513 ήμισυ
735 2433 796 2496 τοῦ
811 2426 933 2508 ὕδατος
948 2427 1001 2497 ἐπ’
1024 2431 1122 2517 Αἰγό-

129 2550 214 2592 πτου
228 2526 317 2609 ῥέειν
331 2525 386 2590 καί
400 2519 484 2609 πρὸς
497 2527 622 2612 βορέην
637 2523 774 2613 άνεμον,
795 2525 833 2594 τὰ
849 2524 881 2594 6'
897 2530 1015 2616 ἕτερον
1028 2526 1121 2618 ήμισν

130 2620 181 2689 ἐπ’
204 2628 385 2706 Αἰθιοπίης
411 2646 446 2687 τε
471 2625 527 2688 καὶ
547 2623 659 2692 νότου.
706 2623 751 2704 ὡς
777 2626 813 2692 δὲ
838 2624 985 2714 άβυσσοί
1009 2635 1073 2699 είσι
1093 2630 1122 2695 τί

129 2723 248 2806 πηγαὶ,
272 2721 304 2796 ές
322 2719 498 2808 διάπειραν
514 2727 578 2809 ἔφη
592 2724 714 2792 τούτου
729 2721 945 2811 Ψαμμήτιχον
957 2729 1119 2813 Αίγόπτον

130 2822 266 2908 βασιλέα
288 2815 476 2887 ἀπικέσθαι.
519 2831 598 2891 πολλ
585 2826 669 2890 λέων
690 2821 755 2911 γάρ
776 2820 881 2891 αὐτὸν
897 2824 1119 2911 χιλιάδωνόρ-

129 2923 254 3008 γυιέων
274 2918 482 3006 πλεξάμενον
496 2923 602 2992 κάλον
621 2939 769 2992 κατειναι
790 2923 895 3014 ταάτη
915 2924 1029 2995 καὶ’
989 2952 1053 2997 ουκ
1066 2930 1120 3008 ete»

130 3019 250 3087 κέσθαι
274 3017 465 3104 έςβυσσόν.
509 3019 598 3088 οὕτω
618 3049 680 3109 μεν
706 3019 788 3109 δή*
773 3047 791 3089 ο
813 3022 1121 3114 γραμματιστής,ιί

131 3113 196 3202 άρα
220 3141 323 3182 ταυτα
348 3116 514 3203 γενόμενα
542 3125 650 3208 ἔλεγε,
674 3118 902 3209 άπέφαινε,’
880 3147 925 3201 ως
950 3123 1007 3209 έμέ
1032 3146 1120 3191 κατα-

130 3217 250 3294 νοέειν,
266 3217 359 3291 δίνας
384 3240 476 3292 τινας
499 3216 604 3305 ταότη
629 3220 787 3297 ἐούσαςί
786 3216 911 3314 σχυρας
936 3222 993 3288 καὶ
1012 3224 1120 3304 παλίρπ

129 3333 285 3396 ρυιαν,ο
287 3304 320 3376 λα
267 3311 375 3378 οδε
391 3312 613 3398 ἐμβάλλοντος
633 3323 694 3383 τοῦ
714 3315 836 3395 ὕδατος
849 3330 936 3386 τοῖσι
950 3316 1065 3402 ουρεσι
1083 3340 1119 3404 μη

129 3409 298 3477 δύνασθαι
312 3410 511 3495 κατιεμένην
525 3420 826 3501 καταπειρητηρίην
841 3416 875 3493 ές
888 3413 1020 3502 βυσσόν
1034 3420 1110 3485 ίέναι

60 3540 184 3616 Α
