2354 3840
316 224 399 307 ειη.
432 224 478 280 1v.
513 221 611 280 οεε.
644 227 784 283 οε-ω.
993 214 1052 280 σεε

45 385 150 466 μέσον
167 404 276 467 φερω,
298 376 399 458 αὐτὸς
420 383 532 466 μέντοι
551 380 674 463 ἕψομαί
693 402 742 444 τοι
765 380 819 445 καὶ
843 373 905 444 οὐκ
923 373 966 444 άυ
984 384 1052 444 λει-

45 482 184 565 φθείην.
231 476 347 563 Κάρτα
368 503 403 547 τε
423 476 514 564 ῆσθη
539 483 578 566 τῆ
604 473 721 565 μνάμη
735 485 895 563 Δαρεῖος,
918 479 976 541 καί
993 500 1053 559 μιν

44 575 210 664 ἀμείψατο
224 578 365 645 τοισίδε·
397 579 491 652 Ξετνε
504 574 641 662 Λέσβιε,
664 576 834 653 σωθέντος
850 575 930 659 ἐμεῦ
946 569 1051 640 ὀπίσω

44 681 78 756 ές
93 674 190 744 οἶκον
214 673 274 742 τὸν
296 672 378 761 έμδν
391 674 582 761 έπιφάνηθί
595 699 651 759 μοι
672 673 821 759 πάντως,
844 677 902 740 ἵνα
923 692 960 742 σε
978 670 1052 740 ἀντὶ

44 780 188 862 χρηστῆς
195 779 401 861 συμβουλίης
409 786 577 879 χρηστοῖσι
586 777 711 858 ἔργοισι
719 768 916 857 ἀμείψωμαι.
937 777 1048 837 Ταῦτα
1066 781 1102 835 98

45 880 140 950 είπας
155 873 210 940 καὶ
226 870 361 951 άπάρας
376 870 509 959 ἅμματα
526 870 686 958 έξῆκοντα
702 873 738 938 έν
754 869 884 956 ίμάντι,
911 874 1051 948 καλέσας

46 973 78 1048 ές
92 966 216 1054 λόγους
236 967 315 1049 τούς
333 968 456 1038 Ἰάνων
470 968 660 1056 τυράννους
676 974 767 1054 ἔλεγε
780 968 875 1036 τάδε·
910 967 1050 1053 ’Ἀνδρες

42 1067 167 1154 Ἴωνες,
189 1065 211 1156 ἡ
232 1067 294 1155 μὲν
314 1069 481 1158 πρότερον
498 1069 615 1156 γυάμη
633 1065 856 1152 ἀποδεχθεῖσα
870 1070 903 1147 ἐς
917 1065 979 1154 τῆν
993 1070 1048 1152 χέ-

45 1192 161 1254 φυραν
175 1173 340 1253 μετείσθω
354 1192 427 1254 μοι,
451 1173 581 1252 ἔχοντες
596 1167 631 1232 δὲ
646 1161 707 1232 τδν
723 1162 844 1249 ίμάντα
862 1160 961 1232 τόνδε
973 1188 1047 1232 ποι-

45 1265 113 1331 έετε
124 1261 221 1330 τάδε·
237 1265 339 1332 έπεάν
349 1291 389 1350 με
402 1268 492 1350 ἴδητε
502 1264 638 1349 τάχιστα
648 1260 879 1382 πορευόμενον
891 1263 942 1329 έπὶ
954 1262 1045 1330 Σκά-

44 1368 125 1444 θας,
149 1356 215 1427 άπδ
230 1361 354 1429 τούτου
370 1360 549 1449 ἀρξάμενοι
566 1368 627 1427 τοῦ
640 1360 768 1446 χρόνον
783 1357 919 1462 λύετε”
897 1386 989 1448 αμμα
1010 1364 1048 1429 ἓν

45 1456 184 1544 ἑκάστης
202 1454 390 1546 ἡμέρης·
368 1487 412 1581 ην
435 1460 471 1527 δὲ
487 1461 524 1527 έν
538 1459 691 1551 τούτῳ
661 1465 705 1525 τῶ
726 1458 847 1552 χρόνῳ
857 1486 901 1547 μη
923 1461 1046 1582 παρέω,

45 1550 128 1620 άλλα
144 1557 340 1634 διεξέλθωσι
364 1556 445 1645 ὑμῖν
470 1563 506 1626 αί
528 1555 649 1644 ἡμέραι
672 1582 741 1624 των
761 1555 938 1647 αμμάτων,
962 1557 1048 1626 άπο-

44 1651 203 1718 πλεόετε’
186 1678 218 1729 ες
235 1680 297 1740 την
314 1651 478 1741 ὑμετέρην
493 1652 614 1722 αὐτῶν.
646 1660 739 1744 μέχρι
758 1658 794 1724 δὲ
815 1658 953 1744 τούτου,
966 1660 1050 1728 έπεί

42 1775 77 1817 τε
92 1747 183 1817 οὕτω
197 1754 366 1840 μετέδοξε,
390 1755 577 1840 φυλάσσετε
588 1751 650 1840 τῆν
664 1760 814 1841 σχεδίην,
832 1764 943 1823 πᾶσαν
962 1779 1047 1841 προ-

42 1857 173 1937 θυμίην
188 1860 350 1940 σωτηρίης
364 1857 464 1922 τεκαὶ
478 1860 630 1940 φυλακῆς
640 1853 870 1939 παρεχόμενοι.
895 1861 997 1921 ταῦτα
1011 1853 1047 1921 δὲ

42 1955 216 2028 ποιεῦντες
231 1952 301 2035 έμοί
315 1951 467 2038 μεγάλως
484 1947 665 2034 χαριέεσθε.
705 1960 849 2038 Δαρεῖος
864 1953 926 2037 μὲν
941 1961 1044 2020 ταῦτα

43 2057 137 2125 είπας
152 2051 185 2126 ές
198 2046 235 2116 τὸ
252 2050 368 2135 πρόσω
381 2047 543 2137 ἠπείγετο.

131 2152 195 2232 Τῆς
206 2147 242 2213 δὲ
253 2157 428 2235 Σκυθικῆς
437 2155 498 2235 γῆς
508 2147 529 2235 ἡ
538 2156 666 2234 Θρηίκη
677 2146 713 2216 τὸ
726 2150 758 2227 ές
767 2149 945 2218 θάλασσαν
956 2173 1041 2238 προ·
1057 2147 1093 2204 ⁹9

42 2245 160 2314 κέεται.
180 2245 309 2313 κόλπου
324 2249 360 2314 δέ
375 2245 544 2332 άχομένου
557 2254 614 2331 τῆς
630 2254 690 2330 γῆς
710 2247 832 2333 ταύτης
846 2245 867 2334 ἡ
886 2248 1044 2334 Σκυθική

42 2370 75 2412 τε
92 2343 257 2411 έκδέκεται
274 2349 328 2414 καὶ
343 2344 497 2433 δ”Ιστρος
512 2349 639 2413 ἐκδιδοῖ
650 2347 682 2423 ές
697 2343 818 2430 αὐτὴν,
841 2344 925 2429 πρὸς
942 2340 1044 2432 εὗρον

42 2439 168 2526 άυεμον
183 2438 219 2507 τδ
238 2441 343 2528 στόμα
357 2447 586 2531 τετραμμένος.
610 2438 647 2508 τδ
666 2441 701 2508 δὲ
722 2439 787 2507 ἀπὸ
800 2439 933 2525 Ἵστρον
948 2447 1042 2527 ἔρχο-

42 2564 100 2624 μαι
122 2539 298 2624 σημανέων
319 2537 355 2606 τὸ
374 2538 458 2626 πρὸς
477 2541 654 2608 θάλασσαν
674 2536 775 2626 αὐτῆς
794 2547 852 2625 τῆς
865 2547 1042 2625 Σκυθικῆς

42 2637 149 2724 χάρης
170 2639 201 2715 ές
216 2638 382 2724 μέτρησιν.
411 2637 475 2706 άπδ
487 2638 620 2723 Ἴστρου
635 2636 718 2723 αὕτη
733 2635 795 2724 ἤδη
814 2635 931 2726 άρχαίη
948 2647 1042 2706 λλιο-

42 2735 123 2821 θική
144 2736 228 2819 έστι,
251 2735 335 2822 πρὸς
352 2745 560 2824 μεσαμβρίην
579 2762 614 2802 τε
634 2738 689 2802 καὶ
710 2735 811 2804 νότον
832 2734 957 2823 άνεμον
972 2764 1042 2804 κει-

42 2835 140 2922 μένη,
155 2836 249 2921 μέχρι
262 2835 376 2911 πόλιος
392 2837 593 2920 καλεομένης
605 2839 847 2922 Καρκινίτιδος.
871 2833 908 2902 τδ
922 2838 957 2902 δὲ
973 2830 1037 2902 άπδ

42 2930 160 3016 ταύτης
185 2929 246 3016 τῆν
270 2932 331 3015 μὲν
357 2934 409 2999 ἐπὶ
432 2933 609 3000 θάλασσαν
635 2931 697 3019 τῆν
724 2930 830 3019 αὐτὴν
856 2936 1038 3020 φέρουσαν,

42 3033 163 3098 έοῦσαν
178 3025 315 3115 δρεινῆν
329 3055 363 3095 τε
379 3029 490 3116 χώρην
502 3035 555 3098 καὶ
567 3034 790 3117 προκειμένην
800 3029 836 3097 τδ
850 3033 882 3109 ές
893 3030 1038 3119 Πόντον,

42 3128 172 3212 νέμεται
193 3123 229 3193 τδ
250 3127 420 3213 Ταυρικὸν
441 3134 541 3207 ἔθνος
558 3134 650 3216 μέχρι
667 3128 873 3215 χερσονήσου
887 3137 944 3265 τῆς
958 3157 1038 3218 τρη-

42 3239 116 3325 χέης
137 3239 356 3326 καλεομένης·
384 3265 468 3326 αυτη
489 3240 573 3320 δδές
592 3239 768 3311 θάλασσαν
780 3241 843 3330 τῆν
857 3240 938 3328 πρὸς
957 3238 1042 3328 ἄπη-

42 3337 202 3427 λιωτην”
180 3367 304 3428 ανεμον
318 3341 464 3439 κατήκει.
494 3350 561 3412 ἔστι
576 3343 639 3430 γάρ
659 3349 717 3431 τῆς
731 3350 907 3434 Σκυθικῆς
927 3371 968 3411 τα
956 3340 1045 3427 δυο

42 3446 143 3530 μέρεα
163 3448 231 3511 τῶν
252 3440 417 3530 οὖρωνές
436 3444 613 3515 θάλασσαν
634 3448 797 3533 φέροντα,
825 3446 887 3536 τῆν
906 3471 943 3514 τε
948 3440 1100 3630 p

128 3561 228 3599 νεκυο.
246 3545 264 3598 1.
847 3556 880 3605 σε
