2354 3840
128 198 167 260 10
489 200 757 260 'HERODOTI

127 359 162 427 δὲ
178 354 198 445 ή
214 365 331 446 Πυθίη
349 357 581 446 ἀπικομένοισι
603 361 635 438 ές
651 355 811 442 Δελφούς
827 354 890 426 ούκ
905 363 969 445 ἔφη
983 357 1130 445 χρήσειν,

126 459 206 542 πρὶν
225 451 319 542 ήτόν
337 455 421 542 νηὸν
441 463 498 543 τής
509 455 689 544 Ἀθηναίης
709 455 951 543 ἀνορθώσωσι,
975 455 1035 523 τόν
1058 459 1131 524 ἐνέ-

81 581 115 631 ⁴20
126 575 260 642 πρησαν
272 555 383 643 χάρης
398 562 455 642 τῆς
470 561 640 640 Μιλησίης
654 558 692 622 έν
704 551 861 643 Ἀσσησῷ.
893 560 1041 639 Δελφῶν
1057 551 1130 620 ολδα

125 649 190 739 έχύ
207 651 296 719 οὕτω
312 650 461 731 ἀκούσας
475 657 652 738 γενέσθαι·
669 653 832 737 Μιλήσιοι
848 652 975 719 δὲτάδε
992 671 1130 739 προστι-

123 762 215 820 θεῖσι
231 751 389 838 τούτοισι,
405 755 620 839 Περίανδρον
634 748 694 818 τὸν
705 753 866 830 Κυψέλου
883 749 981 817 ἐόντα
994 759 1129 835 Θρασυ-

125 850 237 942 βούλῳ
263 857 309 942 τῷ
336 851 411 918 τότε
436 850 595 936 Μιλήτου
628 846 869 935 τυραννεύοντι
896 850 1006 927 ξεῖνον
1032 848 1065 924 ές
1088 843 1128 911 τά

125 948 285 1034 μάλιστα,
300 948 501 1034 πυθόμενον
515 944 550 1014 τύ
567 946 769 1033 χρηστήριον
783 943 821 1011 τὸ
839 951 885 1035 τῷ
897 943 1057 1033 Ἀλυάττη
1071 970 1130 1029 χε-

127 1045 282 1132 υάμενον,
298 1047 473 1131 πέμψαντα
488 1044 631 1130 ἀγγελον
645 1057 824 1129 κατειπεῖν,
840 1041 927 1122 ὅκως
940 1043 983 1110 ἀν
998 1071 1029 1111 τι
1043 1067 1130 1131 προ-

128 1139 223 1221 ειδώς
243 1142 328 1230 πρὸς
347 1142 384 1211 τὸ
406 1141 533 1231 παρεόν
553 1144 763 1230 βουλεύηται.
795 1143 959 1229 Μιλήσιοι
979 1148 1042 1231 μέν
1062 1169 1129 1210 ννν

82 1253 113 1306 21
128 1241 216 1311 οὕτω
230 1244 364 1328 λέγουσι
378 1246 545 1329 γενέσθαι.
565 1241 743 1328 Ἀλυάττης
755 1242 802 1328 δὲ,
818 1239 864 1318 έίς
874 1245 909 1308 οί
917 1248 1021 1308 ταῦτα
1032 1244 1129 1326 ἐξην-

125 1343 248 1427 νέλθη,
273 1338 393 1409 αὐτίκα
413 1347 538 1427 ἔπεμπε
559 1342 689 1428 κήρυκα
705 1343 739 1420 ἐς
753 1347 908 1427 Μίλητον
922 1342 1129 1429 βουλόμενος

126 1439 274 1518 σπονδάς
301 1439 508 1526 ποιήσασθαι
532 1440 763 1529 Θρασυβούλῳ
790 1465 825 1505 τε
850 1442 905 1505 καλ
931 1445 1128 1524 Μιλησίοισι

125 1537 250 1623 χρόνον
274 1535 357 1604 ὅσον
377 1534 421 1604 ἀν
435 1535 496 1604 τδν
510 1535 595 1623 νηὸν
609 1537 796 1625 ολκοδομέη
813 1535 830 1604 ὁ
848 1540 911 1624 μέν
925 1536 965 1624 δή
982 1530 1128 1606 ἀπόστο-

125 1642 183 1712 λος
197 1631 282 1712 ές
246 1659 309 1719 την
324 1631 512 1721 Μίλητον”
488 1654 572 1720 ηίεν
583 1635 829 1757 Θρασύβουλρς
842 1637 878 1704 δε
895 1641 1027 1724 σαφέως
1041 1660 1118 1723 προ-

126 1737 336 1853 πεπυσμένος
347 1734 456 1801 πάντα
471 1734 575 1819 λόγον
590 1737 689 1802 καλέ
659 1760 675 1801 ε
676 1732 805 1813 ίδώς
769 1760 809 1802 τα
821 1732 999 1821 Ἀλυάττης
1013 1740 1128 1821 μέλλοι

126 1832 296 1919 ποιήσειν,
312 1840 496 1920 μηχανᾶται
512 1833 639 1899 τοιάδεΙ
671 1831 749 1911 ὅσος
762 1825 806 1919 ἦν
821 1835 857 1900 έν
871 1841 917 1925 τῷ
933 1832 1023 1901 ἀστεῑ
1039 1846 1128 1909 σῖτος

126 1932 212 2048 κριὶ
195 1956 322 1999 εωντου
307 1935 428 2000 ’ίκαλ
414 1930 595 2019 ἰδιωτικὸς,
617 1940 737 2000 τοῦτον
751 1933 861 2000 πάντα
876 1939 1079 2054 σργκομίσαρ
1095 1935 1128 2007 ές

45 2044 47 2049 ’
126 2025 187 2114 τήν
207 2023 336 2114 ἀγορήν
358 2043 496 2116 προεῖπε
510 2037 723 2117 Μιλησίοισι,
745 2030 847 2099 ἐπεάν
869 2029 969 2110 αύτός
983 2032 1127 2118 σημήνη,

126 2128 200 2196 τότε
217 2134 327 2194 πίνειν
342 2154 377 2194 τε
393 2127 520 2206 πάντας
539 2131 594 2196 καὶ
615 2128 716 2218 κύμφ
740 2133 887 2214 χρᾶσθαι
903 2131 937 2208 ές
950 2127 1125 2215 ἀλλήλους.

83 2245 117 2296 22
132 2230 242 2292 Ταῦτα
257 2225 293 2293 δὲ
308 2227 419 2292 ἐποίεέ
429 2251 465 2293 τε
478 2228 533 2293 καὶ
547 2227 755 2315 προηγόρευε
765 2227 1005 2315 Θρασύβουλος
1020 2232 1127 2296 τῶνδε

126 2329 271 2411 εἵνεκεν,
293 2323 380 2403 ὅκως
393 2321 438 2392 ἀν
453 2323 494 2412 δή
510 2324 528 2392 ὁ
547 2329 652 2412 κῆρυξ
668 2323 685 2392 ὁ
704 2324 897 2412 Σαρδιηνὸς
911 2327 994 2395 ίδύν
1007 2352 1043 2394 τε
1058 2344 1128 2392 σω-

126 2422 188 2511 ρὸν
202 2427 307 2509 μέγαν
322 2431 415 2491 σίτου
432 2429 614 2512 κεχυμένον
629 2429 684 2494 καλ
703 2424 783 2506 τούς
797 2424 1002 2514 ἀνθρώπους
1016 2431 1054 2494 έν
1068 2425 1128 2494 εύ-

124 2531 283 2613 παθείησι
303 2525 420 2604 ἐόντας
439 2524 576 2615 ἀχχείλη
588 2525 756 2615 Ἀλυάττη.
787 2525 826 2594 τά
849 2526 889 2615 δή
906 2532 961 2597 καί
978 2530 1127 2613 ἐγένετο·

125 2621 169 2702 ὡς
182 2621 248 2709 γάρ
263 2620 303 2707 δή
321 2623 405 2690 ίδολν
418 2649 454 2690 τε
470 2622 612 2692 έκεῖνοὸ
629 2629 733 2712 κῆρυξ
755 2629 810 2692 καὶ
826 2635 919 2705 είπας
934 2626 1017 2712 πρὸς
1034 2636 1129 2713 Θρα-

124 2722 296 2808 σύβουλον
312 2718 370 2799 τάς
387 2721 523 2802 ἐντολάς
534 2731 594 2792 τοῦ
605 2729 721 2792 Λυδοῦ
732 2721 865 2810 ἀπῆλθε
876 2727 908 2803 ές
918 2724 977 2804 τάς
987 2727 1128 2814 Σάρδις,

126 2821 171 2902 ὡς
181 2817 246 2907 έχά
258 2822 489 2946 πυνθάνρμαι,
506 2823 545 2892 δι’
558 2822 659 2900 οὐδὲν
675 2823 755 2892 ἀλλο
771 2827 901 2910 ἐγένετο
914 2822 935 2911 ἡ
953 2828 1125 2912 διαλλαγή.

126 2925 265 3000 ἐλπίζων
285 2918 349 3005 γάρ
371 2917 390 2988 δ
404 2919 583 3007 Ἀλυάττης
604 2925 772 3003 σιτοδείην
782 2948 817 2988 τε
834 2919 919 2990 εἶναι
933 2920 1074 3009 ἰσχυρὴν
1090 2927 1128 2990 έν

125 3047 165 3107 τη
149 3018 319 3108 Μιλήτῳ
343 3023 398 3087 καὶ
417 3017 478 3087 τδν
503 3019 586 3105 ληδν
604 3026 786 3106 τετρῦσθαι
806 3017 893 3098 ἐς
858 3045 895 3088 το
912 3025 1049 3107 ἔσχατον
1064 3045 1128 3087 κα-

125 3122 204 3201 κοῦ,
222 3112 325 3201 ἤκουε
346 3122 407 3184 τοῦ
427 3117 574 3204 κήρυκος
595 3117 819 3203 νοστήσαντος
839 3119 875 3186 ἐκ
897 3125 955 3207 τής
969 3118 1127 3205 Μιλήτου

125 3209 203 3290 τούς
217 3215 390 3292 ἐναντίους
405 3209 585 3299 λόγους,’“
562 3241 583 3300 η
601 3210 646 3293 ὥς
661 3213 764 3296 αύτδς
777 3218 962 3288 κατεδόκεε.
992 3216 1074 3305 μετὰ
1090 3221 1127 3286 δὲ

63 3362 67 3371 .
123 3305 147 3394 ή
166 3333 201 3375 τε
224 3311 387 3399 διαλλαγή
409 3331 471 3398 σφι
491 3314 621 3398 ἐγένετο
638 3307 735 3381 ἐπ”
708 3341 733 3406 φ
748 3341 784 3382 τε
802 3310 931 3396 ξείνους
953 3315 1127 3412 ἀλλήλοισι

63 3386 208 3616 ἱέναι
235 3413 289 3478 καὶ
313 3411 523 3498 συμμάχους,
551 3415 606 3481 καὶ
630 3413 692 3481 δύο
717 3441 752 3483 τε
772 3412 846 3484 ἀντὶ
867 3413 940 3494 ἑνὸς
960 3413 1065 3500 νηούς
1086 3423 1127 3504 τῇ
1153 3490 1156 3495 ,
