2354 3840
241 48 270 103 'b

136 200 200 265 ³52
523 205 775 265 HERODOTI

135 369 202 429 νῦν
217 353 266 428 άν
281 387 337 447 μοι
352 361 477 448 δοκέει,
500 358 603 429 ἐπεάν
617 364 752 449 τάχιστα
774 362 836 444 νύξ
851 367 994 456 ἐπέλθη,
1016 368 1135 435 ἐκκαύ-

136 478 258 538 σαντας
274 456 314 527 τά
329 467 438 547 πυρά,
461 456 505 538 ὡς
526 462 581 527 καί
598 458 716 530 άλλοτε
737 462 893 548 ἐώθαμεν
906 461 1053 548 ποιέειν,
1071 469 1136 532 τάν

30 576 33 581 ’
135 558 364 648 στρατιωτέων
386 556 465 637 τούς
486 556 752 638 ἀσθενεστάτους
777 562 810 639 ἐς
834 557 893 639 τάς
912 567 1135 648 ταλαιπωρίας

135 657 401 745 ἐξαπατήσαντας
422 660 475 724 καλ
501 655 581 737 τοῦς
607 656 709 737 ὅνους
734 659 862 737 πάντας
886 659 1135 746 καταδήσαντας

135 759 425 845 ἀπαλλάσσεσθαι,
441 761 521 843 πρὶν
532 753 554 844 ἢ
565 761 620 827 καὶ
635 760 687 827 ἐπὶ
700 755 898 847 τδνἽστρον
913 764 1031 827 ἰθῦσαι
1042 759 1135 827 Σκύ-

134 873 199 940 θας
210 859 373 938 λύσοντας
383 856 445 945 τήν
456 862 626 945 γέφυραν,
643 853 665 945 ή
677 862 735 926 καί
739 856 869 945 τιἼωσι
881 855 974 937 δόξαι
984 855 1023 927 τό
1036 855 1134 946 ἡμέας

135 954 209 1028 οἷόν
226 984 261 1023 τε
277 962 366 1025 ἔσται
383 958 634 1045 ἐξεργάσασθαι.
679 957 842 1045 Γωβρύης
856 958 918 1044 μέν
931 964 1037 1026 ταῦτα
1053 978 1134 1025 συν-

69 1067 117 1123 135
135 1056 310 1142 εβούλευε,
333 1053 415 1142 μετά
430 1060 466 1124 δὲ
486 1056 548 1135 νύξ
569 1082 604 1123 τε
620 1057 766 1141 ἐγένετο,
788 1057 843 1123 καὶ
858 1065 1005 1142 Δαρεῖος
1018 1057 1133 1142 ἐχρᾶτο

133 1165 172 1246 τῇ
195 1156 312 1244 γνάμη
332 1156 452 1245 ταύτη·
481 1154 560 1234 τούς
583 1155 645 1242 μέν
669 1151 880 1242 καματηρούς
905 1163 973 1223 τῶν
1000 1152 1134 1240 ἀνδρῶν

132 1257 186 1323 καὶ
198 1261 265 1322 τῶν
275 1248 319 1342 ἦν
330 1255 498 1341 ἐλάχιστος
506 1253 747 1341 ἀπολλυμένων
759 1254 868 1340 λόγος,
876 1254 930 1320 καὶ
941 1249 1023 1332 τοῦς
1034 1251 1133 1330 ὅνους

132 1352 259 1431 πάντας
281 1353 469 1439 καταδήσας
491 1353 644 1420 κατέλιπε
660 1348 765 1418 αὐτοῦ
785 1349 888 1439 ταύτῃ
908 1353 1009 1440 ἐντῷ
1033 1370 1141 1437 στρα--

132 1453 274 1539 τοπέδμ·
296 1453 450 1519 κατέλιπε
471 1450 506 1518 δέ
527 1451 605 1528 τούς
627 1475 661 1517 τε
683 1448 783 1526 ὅνους
801 1445 949 1526 καὶτοὺς
968 1446 1135 1528 ἀσθενέας

132 1552 188 1632 τῆς
204 1553 357 1633 στρατιῆς
374 1550 479 1613 τῶνδε
495 1549 639 1632 εἵνεκεν,
660 1550 717 1612 ἵνα
732 1549 765 1613 οί
778 1545 840 1631 μέν
855 1541 930 1613 όνοι
945 1543 1032 1632 βοήν
1047 1569 1134 1632 παρ-

132 1647 286 1732 έχωνται,
309 1649 343 1713 οί
356 1646 391 1713 δέ
412 1645 588 1732 ἅνθρωποι
613 1643 790 1729 ἀσθενείης
809 1643 871 1729 μὲν
892 1647 1022 1710 εἵνεκεν
1036 1670 1132 1712 κατε-

130 1748 301 1828 λείποντα,
324 1743 512 1830 προφάσιος
536 1743 572 1809 δέ
592 1746 690 1827 τῆσδε
712 1737 855 1827 δηλαδή,
878 1735 922 1817 ὡς
947 1736 1050 1819 αύτδς
1074 1740 1133 1825 μέν

130 1838 197 1907 σύν
211 1845 257 1931 τῷ
278 1849 418 1932 καθαρῷ
433 1848 494 1908 τοῦ
515 1845 658 1926 στρατοῦ
679 1837 903 1925 ἐπιθήσεσθαι
917 1839 1033 1923 μέλλοι
1049 1851 1131 1905 τοῖσι

104 1939 305 2028 Σκύθησι,
330 1932 423 2008 οὗτοι
441 1940 477 2007 δέ
491 1939 528 2008 τὸ
544 1940 769 2028 στρατόπεδον
787 1945 908 2007 τοῦτον
924 1936 986 2006 τόν
1006 1939 1133 2027 χρόνον

129 2040 273 2123 ῥυοίατο.
307 2044 411 2104 ταῦτα
439 2052 524 2107 τοῖσι
550 2036 843 2123 ὑπολειπομένοισι
875 2034 1090 2123 ὑποθέμενος
1114 2035 1130 2104 ὁ

129 2144 272 2221 Δαρεῖος
294 2142 347 2203 καλ
369 2137 458 2223 πυρά
477 2139 640 2217 ἐκκαύσας
657 2135 719 2224 τὴν
739 2142 894 2223 ταχίστην
908 2134 1065 2223 ἠπείγετο
1082 2139 1131 2206 ἐπὶ

128 2229 339 2320 τδυἼστρον.
374 2236 407 2300 οί
428 2234 463 2302 δέ
484 2232 557 2302 ὄνοι
574 2238 801 2321 ἐρημωθέντες
821 2241 881 2302 τοῦ
907 2233 1028 2322 ὁμίλου
1046 2235 1130 2304 οὕτω

64 2376 67 2381 -
129 2331 191 2419 μέν
207 2328 247 2419 δή
264 2337 392 2417 μάλλον
405 2340 517 2425 πολλῷ
532 2336 628 2401 ἵεσαν
642 2339 700 2419 τῆς
717 2337 848 2419 φωνῆς,
872 2330 1080 2412 ἀκούσαντες
1097 2334 1129 2399 δέ

129 2435 163 2497 οί
175 2429 314 2498 Σκύθαι
335 2438 403 2498 τῶν
424 2431 515 2498 ὄνων
531 2431 641 2517 πάγχυ
663 2427 746 2498 κατὰ
767 2428 880 2516 χάρην
895 2427 1035 2516 ἤλπιζον
1055 2426 1130 2507 τοῦς

66 2541 113 2598 136
127 2528 258 2611 Πέρσας
280 2528 373 2595 εἶναι.
414 2527 555 2616 Ἡμέρης
579 2530 614 2596 δέ
634 2530 817 2614 γενομένης
836 2527 977 2614 γνόντες
993 2531 1028 2596 οί
1047 2524 1129 2594 ὑπο-

126 2625 378 2713 λειφθέντες,’
357 2655 399 2706 ως
414 2628 654 2715 προδεδομένοι
673 2623 771 2694 είεν“
754 2623 821 2694 υπὸ
837 2632 1004 2749 Δαρείου,
1020 2624 1128 2721 χεῖράς

126 2747 161 2789 τε
173 2730 404 2809 προετείνοντο
416 2740 500 2794 τοῖσι
510 2727 670 2816 Σκύθησι
682 2727 737 2794 καί
749 2723 913 2812 ἐλεγον
875 2753 916 2793 τα
928 2726 1127 2814 κατήκοντα·

127 2816 169 2891 οί
181 2820 255 2890 δὲ’
234 2850 277 2903 ως
297 2822 448 2910 ἥκουσαν
468 2834 586 2914 ταῦτα,
616 2825 678 2916 τήν
694 2832 851 2949 ταχίστην
872 2829 1128 2947 συστραφέντες,

126 2947 160 2987 αι
182 2946 217 2988 τε
236 2921 298 2990 δύο
320 2938 432 3012 μοῖραι
452 2932 520 2993 τῶν
537 2928 707 2995 Σκυθέων
729 2922 821 2995 καὶ
804 2952 825 3014 η
848 2923 929 3012 μετά
945 2934 1130 3014 Σαυρομα-

126 3021 210 3087 τέων
230 3023 285 3090 καὶ
305 3028 464 3094 Βουδινοι
485 3032 540 3095 καί
560 3033 724 3115 Γελωνοί,
747 3031 887 3096 ἐδίωκον
906 3025 987 3108 τούς
1000 3037 1130 3116 Πέρσας

127 3113 188 3182 ἰθύ
201 3125 262 3185 τοῦ
269 3117 458 3209 'Iovpovs'
436 3150 493 3191 ατε
514 3127 550 3193 δὲ
569 3151 630 3193 του
615 3132 815 3214 Περσικοῦ
836 3126 898 3214 μεν
922 3135 982 3195 τοῦ
1004 3132 1130 3197 πολλοῦ

128 3213 240 3293 ἐόντος
256 3224 356 3297 πεζοῦ
379 3229 523 3305 στρατοῦ
548 3222 660 3291 καὶ
624 3250 683 3303 τας
703 3221 804 3302 ὁδοὺς
825 3221 888 3291 οῦκ
908 3227 1131 3313 ἐπισταμένου

125 3308 211 3376 ὥστε
229 3308 270 3379 ού
291 3320 503 3439 τετμημένων
526 3327 595 3387 τῶν
615 3318 722 3409 ὁδῶν,
745 3346 805 3389 του
791 3321 859 3389 δέ
872 3330 1055 3391 Σκυθικοῦ
1076 3330 1132 3393 ίπ·

106 3407 224 3480 ποτεισ
241 3413 355 3485 καί
317 3445 358 3487 τα
376 3418 532 3557 σύντομα
554 3426 612 3508 τῆς
630 3417 713 3489 οδοῦ
731 3416 977 3503 ἐπισταμένου*
963 3427 1131 3507 αμαρτόν-
