2354 3840
327 142 476 241 τιον.
510 182 607 239 cap,
640 186 814 240 ατε-τοι.
1008 181 1070 246 τοι

66 356 149 430 ρείν,
174 340 218 420 ἀς
234 343 270 410 δὲ
285 338 481 426 ἀπικόμενοι
503 343 535 418 ἐς
549 337 610 425 τήν
625 346 798 423 Αἴγυπτον
815 341 849 405 οἱ
863 335 983 408 Ἠλεῖοι
999 346 1070 410 ἐλε-

63 465 130 526 γον
149 446 217 508 τῶν
239 442 367 508 εἵνεκεν
382 436 560 522 ἀπίκοντο,
583 439 732 505 ἐνθαῦτα
754 431 771 501 ὁ
793 435 949 529 βασιλεὺς
974 430 1072 518 οὗτος

64 541 284 623 συγκαλέεται
299 545 494 626 Αἰγυπτίων
508 533 586 616 τούς
601 537 801 621 λεγομένους
816 534 900 602 εἶναι
914 538 1070 624 σοφωτά-

63 666 153 719 τους.
188 641 413 717 συνελθόντες
438 640 473 706 δέ
495 641 528 704 oc
545 635 726 721 Αίγύπτιοι
747 633 981 704 ἐπυνθάνοντο
1002 643 1069 703 τοῖν

60 729 200 806 Ἠλείων
214 737 382 823 λεγόντων
397 735 528 804 ἅπαντα
542 731 582 801 τά
598 733 732 820 κατήκει
744 736 848 818 σφέας
859 735 984 802 ποιέειν
994 739 1069 821 περὶ

63 832 125 902 τὸν
146 831 277 921 ἀγῶνα·
307 832 558 922 ἀπηγησάμενοι
576 832 612 900 δὲ
632 827 672 898 τά
692 831 801 897 πάντα
823 836 953 917 ἔφασαν
972 831 1067 919 ήκειν

64 932 369 1018 ἐπιμαθησόμενοι,
394 941 427 1000 εί
435 958 467 999 τι
482 937 588 1016 ἔχοιεν
599 927 778 1015 Αἰγύπτιοι
791 928 921 998 τούτων
938 930 1067 998 δικαιό-

62 1055 163 1116 τερον
181 1032 377 1118 ἐπεξευρεῖν.
407 1035 441 1099 ολ
456 1032 491 1098 δέ
505 1027 770 1116 βουλευσάμενοι
786 1029 974 1116 ἐπειρώτων
988 1028 1067 1109 τούς

60 1125 226 1217 Ἠλείους,
251 1141 285 1198 εί
294 1150 355 1216 σφι
371 1135 404 1198 ολ
417 1136 569 1216 πολιῆται
587 1131 849 1213 ἐναγωνίζονται.
883 1133 917 1194 ολ
932 1130 967 1196 δὲ
983 1133 1066 1214 ἐφα-

63 1247 129 1296 σαν
144 1231 199 1296 καλ
216 1231 330 1314 σφέων
341 1231 396 1298 καὶ
407 1237 474 1296 τῶν
486 1228 597 1297 ἀλλων
605 1226 775 1314 Ἑλλήνων
789 1223 910 1312 ὁμοίως
924 1234 969 1316 τῷ
983 1235 1067 1314 βου-

63 1331 194 1418 λομένῳ
215 1330 335 1408 ἐξεῖναι
356 1325 588 1414 ἀγωνίζεσθαι.
623 1329 657 1392 οί
675 1324 711 1391 δέ
731 1322 911 1408 Αἰγύπτιοι
935 1323 1066 1407 ἔφασάν

62 1443 168 1509 σφεας
182 1421 272 1492 οὕτω
286 1427 439 1503 τιθέντας
456 1421 580 1501 παντδς
602 1428 662 1490 τοῦ
680 1424 811 1488 δικαίου
824 1417 1064 1509 ἡμαρτηκέναι·

63 1518 224 1607 οὐδεμίαν
238 1520 302 1609 γάρ
324 1521 409 1590 εἶναι
424 1520 593 1609 μηχανήν,
616 1519 702 1598 δ’κως
716 1516 758 1588 οὐ
772 1526 817 1611 τῷ
838 1519 926 1612 ἀστῷ
941 1518 1065 1608 ἀγωνι-

62 1623 188 1711 ζομένῳ
209 1623 477 1708 προσθήσονται,
500 1619 688 1699 ἀδικέοντες
710 1617 769 1687 τδν
792 1623 909 1700 ξεῖνον.
944 1618 1017 1689 ἀλλ’
1036 1625 1067 1689 εί

62 1714 102 1804 δή
114 1718 295 1805 βούλονται
307 1723 441 1801 δικαίως
451 1726 582 1791 τιθέναι
594 1726 649 1790 καὶ
658 1721 781 1789 τούτου
793 1724 920 1788 εἵνεκεν
932 1718 1064 1789 ἀπικοί-

61 1842 120 1883 ατο
148 1818 181 1894 ἐς
206 1826 397 1906 Αίγυπτον,
428 1825 564 1900 ξείνοισι
589 1818 789 1908 ἀγωνιστῇσι
816 1822 970 1887 ἐκέλευον
1003 1816 1062 1885 τὸν

61 1909 177 1998 ἀγῶνα
201 1919 358 2005 τιθέναι,
369 1914 506 1986 Ἠλείων
517 1917 554 1985 δὲ
563 1917 682 2000 μηδενὶ
697 1916 818 1995 ἐξεῖναι
831 1912 1059 2001 ἀγωνίζεσθαι.

64 2020 166 2081 ταῦτα
180 2016 242 2099 μὲν
256 2017 435 2102 Αίγύπτιον
449 2013 605 2086 Ἠλείοισι
620 2013 844 2099 ὑπεθήκαντο.

94 2151 97 2154 ’
149 2110 303 2197 Ψάμμιος
324 2115 360 2180 δὲ
381 2117 414 2194 ἓξ
437 2121 510 2182 ἐτεα
530 2120 658 2200 μοῦνον
679 2109 938 2199 βασιλεύσαντος
953 2110 1061 2196 Αίγά-
1077 2116 1127 2172 161

60 2232 146 2275 πτου
168 2211 222 2275 καλ
242 2214 531 2296 στρατευσαμένου
555 2216 587 2289 ἐς
601 2215 785 2294 Αἰθιοπίην
808 2208 863 2274 καὶ
883 2213 1060 2293 μεταυτίκα

41 2302 315 2390 ’τελευτήσαντος
330 2308 494 2386 ἐξεδέξατο
512 2305 675 2394 Ἀπρίης
692 2304 710 2374 ὁ
731 2305 899 2390 Ψάμμιος,
922 2303 958 2382 ὃς
978 2302 1060 2389 μετὰ

65 2397 279 2486 Ψαμμήτιχον
293 2399 354 2469 τὸν
366 2407 494 2471 ἑωυτοῦ
511 2405 705 2490 προπάτορα
720 2404 849 2486 ἐγένετο
865 2398 1061 2485 εὐδαιμονέ-

58 2514 176 2574 στατος
189 2503 257 2563 τῶν
273 2499 439 2586 πρότερον
452 2503 634 2588 βασιλέων,
657 2496 709 2567 ἐπ’
730 2504 802 2566 ἐτεα
823 2499 921 2563 πέντε
936 2500 990 2563 καὶ
1011 2505 1060 2565 εί-

58 2611 133 2660 κοσι
152 2590 270 2680 ἄρξας,
292 2599 329 2662 ἐν
353 2611 438 2665 τοῖσι
458 2601 515 2666 ἐπί
526 2623 562 2665 τε
577 2602 714 2666 Σιδῶνα
730 2591 871 2680 στρατὸν
887 2591 989 2681 ήλασε
1005 2594 1059 2662 καὶ

56 2691 267 2777 ἐναυμάχησε
286 2699 331 2783 τῷ
349 2700 469 2784 Τυρίῳ.
493 2697 564 2764 ἐπεὶ
584 2697 624 2764 δέ
634 2698 669 2762 οί
680 2698 752 2762 ἔδεε
765 2691 875 2770 κακῶς
889 2693 1057 2778 γενέσθαι,

56 2793 185 2874 ἐγένετο
202 2787 268 2857 ἀπδ
284 2794 488 2880 προφάσιος,
509 2791 572 2880 τὴν
593 2789 657 2881 ἐγω
671 2792 815 2879 μεζάνως
836 2789 897 2875 μὲν
917 2793 954 2856 ἐν
974 2803 1058 2855 τοῖσι

54 2893 232 2973 Λιβυκοῖσι
247 2886 376 2973 λόγοισι
398 2889 627 2980 ἀπηγήσομαι,
650 2916 787 2977 μετριωςΙ
804 2884 836 2955 δ’
859 2889 896 2954 ἐν
910 2893 956 2976 τῷ
970 2911 1057 2973 παρ’

55 2984 158 3052 εόντι·
181 2982 379 3072 ἀποπέμψας
398 2986 462 3074 γάρ
484 2990 672 3074 στράτευμα
692 2985 858 3070 ὁἈπρίης
874 2986 925 3050 ἐπὶ
941 2991 1057 3069 Κυρη-

55 3089 170 3161 ναίους
180 3090 366 3169 μεγαλωστλ
376 3090 612 3172 προσέπταισε,
630 3085 807 3171 Αἰγύπτιοι
821 3081 857 3147 δὲ
870 3086 973 3146 ταῦτα
985 3082 1056 3147 ἐπι-

52 3179 263 3265 μεμφόμενοι
275 3179 463 3269 ἀπὲστησαν
475 3181 528 3251 ἀπ’
541 3183 657 3270 αὐτοῦ,
667 3185 837 3258 δοκέοντες
849 3175 908 3245 τὸν
919 3175 1056 3264 Ἀπρίην

52 3277 89 3342 ἐκ
109 3281 279 3362 προνοίης
292 3276 415 3358 αὐτούς
432 3277 626 3367 ἀποπέμψαι
651 3285 683 3358 ἐς
708 3277 915 3364 φαινόμενον
939 3274 1053 3363 κακὸν,

51 3372 107 3437 ἵνα
134 3369 174 3458 δή
201 3377 314 3459 σφέων
339 3375 453 3464 φθορή
481 3383 632 3466 γένηται,
662 3375 762 3455 αὐτὸς
785 3378 821 3444 δδ
841 3382 908 3444 τῶν
928 3383 1054 3445 λοιπῶν
1078 3458 1081 3463 Ι

1005 3454 1116 3592 F
