2354 3840
331 187 1071 259 Llss.11.cAP.1oe-112l69

63 346 235 429 ἔμπροσθε
256 350 324 413 τῶν
349 347 419 412 έκεί
404 350 480 412 ίνον
500 341 729 433 ἀναθημάτων
750 348 793 437 μή
811 349 873 419 οὐκ
900 350 1070 443 ὑπερβαλ-

59 434 209 524 λόμενον
222 453 307 508 τοῖσι
328 445 464 529 ἔργοισι.
509 452 657 529 Δαρεῖον
672 446 734 530 μέν
754 473 820 514 ννν
834 451 968 535 λέγουσι
983 448 1068 537 πρὸς

57 543 165 604 ταῦτα
181 539 386 656 συγγνοόμην
401 537 616 628 ποιήσασθαι.

145 635 358 723 Σεσώστριος
387 639 422 705 δὲ
447 638 703 724 τελευτήσαντος
728 640 922 719 ἐκδέξασθαι
951 647 1066 729 ἔλεγον
1079 653 1126 707 ll!

53 734 121 824 τήν
139 743 318 825 βασιληίην
331 734 392 805 τὸν
408 741 510 804 παῖδα
524 735 631 804 αὐτοῦ
644 733 805 826 Φερών,
827 736 889 806 τόν
903 737 1066 820 ἀποδέξα-

54 844 142 903 σθαι
158 831 220 919 μέν
235 829 397 918 οὐδεμίαν
412 839 608 920 στρατηίην,
630 840 887 922 συνενειχθῆναι
903 840 942 904 δέ
959 841 993 905 οἱ
1005 865 1066 905 τυ-

54 929 150 1018 φλόν
164 933 322 1018 γενέσθαι
338 927 392 998 διά
412 931 544 999 τοιόνδε
565 939 717 1017 πρῆγμα·
743 940 805 1000 τοῦ
819 943 971 1022 ποταμοῦ
985 964 1064 1005 κατ-

54 1030 222 1107 ελθόυτος
243 1030 378 1115 μέγιστα
400 1026 440 1116 δή
454 1029 529 1097 τότε
551 1027 603 1097 ἐπ’
620 1026 844 1100 ὀκτωκαίδεκα
858 1034 998 1123 πήχεας,
1020 1035 1065 1116 ὡς

54 1126 245 1215 ὑπερέβαλε
261 1124 319 1206 τάς
340 1124 503 1215 ἀρούρας,
525 1129 715 1214 πνεύματος
739 1129 939 1214 ἐμπεσόντος
956 1160 1065 1220 κυμα-

52 1234 128 1313 τίης
145 1223 163 1293 ὁ
179 1221 326 1311 ποταμός
341 1228 478 1310 ἐγένετο.
508 1222 568 1292 τόν
590 1226 626 1292 δὲ
642 1229 779 1313 βασιλέα
793 1231 926 1313 λέγουσι
944 1237 1065 1299 τοῦτον

54 1323 247 1413 ἀτασθαλίη
260 1323 473 1410 χρησάμενον
487 1323 633 1409 λαβόντα
645 1319 766 1407 αίχμήν
787 1329 902 1407 βαλεῖν
921 1326 953 1402 ές
964 1327 1065 1409 μέσας

52 1421 116 1500 τάς
131 1426 227 1500 δίνας
239 1427 301 1488 τοῦ
314 1425 483 1506 ποταμοῦ,
505 1418 586 1505 μετά
609 1419 645 1486 δὲ
660 1416 778 1487 αὐτίκα
794 1423 943 1506 καμόντα
959 1421 1063 1491 αὐτόν

53 1516 137 1597 τούς
159 1515 359 1604 ὀφθαλμοὺς
378 1523 610 1602 τυφλωθῆναι.
641 1518 721 1584 δέκα
737 1517 798 1602 μέν
821 1517 861 1606 δή
884 1526 957 1590 ἔτεα
979 1520 1068 1588 είναί

53 1642 116 1703 μιν
137 1612 284 1703 τυφλόν,
313 1614 478 1704 ἑνδεκάτῳ
503 1613 539 1681 δὲ
560 1619 627 1682 έτει·
647 1613 827 1684 ἀπικέσθαι
848 1622 882 1686 οί
900 1619 1061 1708 μαντήιον

54 1716 92 1783 ἐκ
106 1719 257 1790 Βουτοῦς
272 1712 405 1798 πόλιος,
432 1709 476 1791 ὡς
490 1712 596 1799 ἐξήκει
611 1716 648 1778 τέ
661 1716 694 1780 οί
708 1710 725 1779 ὁ
740 1713 862 1801 χρόνος
875 1724 933 1803 τής
949 1724 1063 1805 ζημίης

53 1813 111 1881 καλ
131 1808 313 1897 ἀναβλέψει
333 1805 496 1896 γυναικός
518 1808 608 1900 οὔρῳ
630 1808 815 1894 νιψάμενος
828 1811 907 1892 τούς
927 1812 1062 1901 ὀφθαλ-

53 1911 157 2000 μοδς,
178 1909 250 1998 ήτις
270 1907 360 1997 παρὰ
381 1906 442 1977 τόν
464 1911 588 1995 έωντής
602 1906 710 1994 ἀνδρα
724 1917 854 1995 μοῦνον
870 1920 1062 1998 πεφοίτηκε,

53 2010 168 2081 ἀλλων
182 2007 317 2097 ἀνδρῶν
332 2011 433 2076 έοῦσα
448 2005 594 2096 ἀπειρος.
620 2006 745 2076 καὶτὸν
759 2009 892 2096 πραότης
905 2017 961 2097 τῆς
976 2012 1060 2079 ἑωυ-

52 2117 115 2181 τοῦ
136 2104 296 2196 γυναικός
316 2114 514 2194 πειρᾶσθαι,
540 2104 622 2193 μετὰ
650 2107 702 2193 δὲ,
731 2104 775 2186 αἰς
800 2105 862 2176 οῦκ
888 2106 1059 2198 ἀνέβλεπε,

53 2212 171 2293 έπεξης
185 2207 318 2274 πασέων
335 2211 533 2292 πειρᾶσθαι
555 2157 841 2325 ἀναβλέιλχανταδὲ
857 2222 1060 2296 συναγαγεῖν

51 2302 112 2385 τάς
125 2318 297 2391 γυναῖκας,
312 2309 380 2371 τῶν
392 2301 566 2390 ἐπειρήθη,
582 2300 706 2422 πλήν
685 2332 705 2392 η
718 2332 775 2391 της
792 2312 838 2396 τῷ
853 2305 944 2398 οάρῳ
959 2308 1061 2390 νιψά·

51 2428 154 2490 μενος
168 2397 346 2488 ἀνέβλεψε,
365 2403 451 2479 έςί
412 2427 435 2487 μ
449 2427 492 2467 αν
502 2398 659 2486 πόλιν,“
635 2428 657 2487 η
672 2407 738 2469 νῦν
751 2404 920 2472 καλέεται’
902 2403 1060 2523 Ερνθρή

51 2507 178 2588 βῶλος,
200 2500 234 2577 ές
253 2497 380 2584 ταύτην
402 2505 629 2566 συναλίσαντα
652 2495 843 2586 ὑποπρησαι
863 2501 971 2581 πάσας
993 2501 1060 2570 σὺν

51 2595 138 2683 αὐτῇ
159 2623 200 2685 τη
222 2593 310 2664 πόλι.
344 2622 401 2683 της
430 2596 466 2663 δέ
491 2593 676 2681 νιψόμενος
700 2601 746 2686 τῳ
771 2594 861 2685 οῦρῳ
886 2596 1059 2687 ἀνέβλεψε,

49 2694 178 2780 ταύτην
201 2694 237 2761 δέ
263 2690 326 2778 εἶχε
349 2690 449 2772 αὐτὸς
468 2707 622 2779 γυναῖκα.
653 2689 853 2780 ἀναθήματα
871 2696 907 2763 δὲ
924 2692 1059 2784 ἀποφν·

49 2791 122 2881 γάν
147 2789 210 2879 τήν
234 2790 350 2878 πάθην
375 2799 443 2860 τῶν
468 2790 657 2879 ὀφθαλμῶν
682 2789 765 2860 ἄλλα
790 2817 825 2859 τε
845 2790 910 2860 ἀνά
935 2791 975 2861 τά
1003 2793 1058 2882 ίρά

49 2891 162 2960 πάντα
183 2885 224 2957 τά
247 2888 368 2975 λόγιμα
390 2886 555 2974 ἀνέθηκε,
576 2891 632 2956 καλ
654 2896 715 2955 τοῦ
738 2915 776 2974 γε
801 2891 905 2977 λόγον
918 2891 1060 2976 μάλιστα

49 2988 149 3070 ἄξιόν
164 2990 232 3056 έστι
250 2992 353 3073 ἔχειν,
378 2990 411 3066 ές
424 2994 485 3056 τοῦ
501 2983 618 3055 Ἡλίου
639 2984 676 3054 τό
692 2983 768 3073 ίρόν
782 2984 966 3075 ἀξιοθήητα
982 2984 1061 3054 ἀνέ-

48 3100 136 3176 θηκε
155 3093 253 3175 έργα,
276 3083 416 3174 ὀβελοὺς
427 3087 490 3154 δύο
501 3094 674 3170 λιθίνους,
697 3089 729 3166 έξ
742 3083 816 3165 ἑνός
833 3086 930 3156 έόντα
946 3086 1060 3156 ἑκάτε-

48 3214 113 3274 ρον
134 3193 254 3268 λίθον,
276 3191 380 3272 μηκας
397 3186 459 3272 μὲν
477 3185 636 3272 ἑκάτερον
652 3187 784 3270 πηχέων
803 3182 937 3269 ἑκατὸν,
962 3178 1060 3271 εὖρος

48 3289 85 3356 δὲ
100 3279 188 3355 ὀκτά
204 3284 345 3368 πηχέων.

137 3377 270 3448 Τοῦτον
287 3380 324 3447 δὲ
339 3382 536 3460 ἐκδέξασθαι
550 3377 612 3466 τήν
627 3385 804 3467 βασιληίην
819 3386 935 3467 ἔλεγον
949 3380 1056 3471 ἄνδρα
1072 3396 1123 3454 112
