2354 3840
81 157 138 222 ‚40
472 162 762 219 HERODOTI.

94 321 238 405 Κροίσῳ.
294 320 374 402 πρίν
399 318 435 387 δέ
462 319 652 398 ἐξελαύνειν
685 313 838 405 [ὅρμησαι
855 315 915 385 τόν
932 320 1114 439 στρατδνχ,

94 417 227 499 πέμψας
252 415 399 536 κη’ρυκαρ
424 419 456 494 ἐς
481 414 560 495 τούς
578 415 715 494 Ἴωνας
723 417 876 502 ἐπειρᾶτό
903 437 1008 504 σφεας
1032 414 1094 485 ἀπο

96 519 246 599 Κροίσου
271 511 460 582 ἀπιστάναι.
500 513 615 591 Ἴωνες
638 518 700 599 μέν
726 540 792 581 νυν
819 513 882 582 ούκ
910 519 1115 600 ἐπείθοντο,

95 616 209 697 Κῦρος
220 607 296 677 δέ’
275 637 319 688 ως
333 609 468 678 ἀπίκετο
483 613 538 679 καί
555 609 939 697 ἀπεστρατοπεδεύσατο
951 618 1040 700 Κροί
1037 622 1115 701 σμ,
1110 658 1115 699 ,

95 710 244 774 ἐνθαῦτα
266 711 303 776 ἐν
324 735 363 798 τη
349 715 502 830 Πτερίη
522 709 614 796 χάρη
634 711 819 797 ἐπειρέοντο
836 706 919 777 κατά
943 706 981 776 τδ
1004 713 1076 828 ίσχν

96 805 158 894 ρδν
173 804 335 894 ἀλλήλων.
361 808 466 894 μάχης
478 811 514 876 δὲ
527 815 689 896 καρτερῆς
701 812 889 895 γενομένης.
901 811 956 876 καὶ
974 806 1089 877 πεσόν-

94 931 162 972 των
186 903 385 993 ἀμφοτέρων
409 913 561 992 πολλῶν,
588 909 681 985 τέλος
706 903 876 993 οὐδέτεροι
901 904 1098 991 νικήσαντεςΙ

95 1006 271 1088 διέστησαν
288 1000 410 1082 νυκτὸς
426 1004 642 1090 ἐπελθούσης.
687 1006 742 1071 καλ
757 999 797 1093 τά
813 1004 875 1088 μὲν
890 1001 1086 1090 στρατόπεδα

54 1115 85 1174 77
95 1098 268 1188 ἀμφότερα
283 1099 372 1169 οὕτω
386 1099 582 1188 ἠγωνίσατο.
624 1109 767 1187 Κροῖσος
782 1099 819 1168 δέ
833 1101 999 1186 μεμφθείς
1013 1093 1085 1166 κατά

93 1196 130 1265 τό
148 1205 278 1285 πλῆθος
292 1196 330 1267 τὰ
347 1201 474 1266 ἑαυτοῦ
498 1198 686 1286 στράτευμα
711 1190 768 1285 ’ἦν
788 1198 852 1283 γάρ
873 1203 907 1265 ολ
926 1194 944 1267 ὁ
966 1205 1082 1286 συμβα-

93 1293 163 1364 λὼν
177 1294 316 1384 στρατὸς
331 1294 457 1366 πολλὰν
478 1293 664 1381 ἐλάσσωνῆ
680 1293 698 1362 ὁ
715 1296 848 1383 Κύρου·
891 1303 990 1364 τοῦτο
1012 1318 1101 1387 μεμ·Ι

95 1396 211 1478 φθελς,
241 1391 285 1471 ὡς
308 1402 347 1482 τῇ
368 1391 526 1482 ὑστεραίῃ
550 1392 612 1462 οὐκ
632 1396 784 1481 ἐπειρᾶτο
806 1390 910 1462 ε’πιοδν
930 1391 948 1462 ὁ
970 1401 1081 1478 Κῦρος,

94 1486 267 1576 ἀπήλαυνε
292 1492 325 1568 ἐς
349 1489 408 1568 τάς
425 1492 569 1578 Σάρδις,
597 1495 634 1558 ἐν
660 1491 729 1582 νόρι
754 1497 839 1576 ἔχων
865 1493 1080 1578 παρακαλέσας

93 1593 155 1676 μὲν
179 1593 386 1673 Αἰγυπτίους
411 1588 495 1657 κατά
518 1587 556 1657 τδ
582 1587 699 1677 ὅρκιον
732 1591 922 1677 ἐποιήσατο
948 1588 1014 1677 γάρ
1039 1586 1081 1655 κύ

93 1685 177 1775 πρὸς
193 1685 337 1772 ’Ἁμασιν
359 1688 580 1775 βασιλεύοντα
593 1689 771 1774 Αἰγύπτου
796 1695 986 1775 συμμαχίην
1009 1683 1080 1774 πρέ·

92 1811 191 1872 τερον
205 1781 289 1874 ἥπερ
305 1783 389 1872 πρὸς
403 1790 702 1872 Λακεδαιμονίους·
743 1786 1040 1872 μεταπεμψάμενος
1053 1780 1098 1850 δί’·

93 1884 148 1950 καὶ
162 1887 402 1970 Βαβυλωνίους
424 1884 492 1950 ’καί
511 1880 576 1968 γάρ
600 1880 684 1969 πρὸς
698 1883 845 1962 τούτους
853 1880 943 1973 αὐτῷ
959 1882 1099 1950 ἔπεισέ

92 2006 150 2067 ητο
180 1985 363 2065 συμμαχίη,
398 1981 601 2065 ἐτυράννευε
630 1980 666 2049 δέ
689 1988 758 2048 τοΞν
780 1986 1009 2069 Βαβυλωνίων
1032 1973 1101 2057 σύν

92 2078 217 2165 χρόνον
241 2083 362 2144 τοῦτον
383 2079 595 2165 Λαβύνητος·
639 2082 834 2165 ἐπαγγείλας
856 2082 892 2146 δὲ
914 2083 970 2146 καί
983 2085 1091 2167 Λαιν-ἶ

92 2180 289 2261 δαιμονίοισι
298 2189 453 2262 παρεῑναι
464 2181 496 2255 ἐς
510 2177 634 2263 χρόνον
650 2175 763 2263 ῥητὸν,
778 2175 894 2257 ἀλίσας
907 2202 943 2244 τε
958 2174 998 2264 δὴ
1012 2172 1081 2244 τού·

91 2299 170 2352 τους
193 2276 247 2342 καί
272 2271 333 2361 τὴν
358 2276 486 2342 ἑαυτοῦ
510 2278 668 2355 συλλέξας
688 2272 845 2362 στρατιὴν
869 2276 1010 2342 ἐνένωτο
1031 2268 1080 2351 τδε

90 2377 236 2457 χειμῶνα
258 2373 374 2457 παρεὶς
388 2369 456 2458 ἀμα
472 2379 518 2463 τῷ
536 2378 608 2459 ἔαρι
628 2372 822 2460 στρατεύειν
839 2375 891 2441 ἐπὶ
907 2370 987 2451 τούς
1002 2364 1099 2457 Περί

91 2491 159 2549 σας.
186 2473 242 2539 καλ
257 2467 275 2538 ὁ
293 2472 354 2555 μὲν
368 2478 472 2539 ταῦτα
487 2476 654 2559 φρονέων,
670 2469 713 2550 ὦς
729 2470 863 2552 ἀπίκετο
878 2473 912 2550 ἐς
925 2469 984 2549 τάς
998 2468 1097 2557 Σύρ-.·.

91 2572 158 2649 δις,
184 2571 309 2650 ἔπεμπε
330 2566 479 2652 κη’ρυκας
496 2568 579 2637 κατά
596 2568 654 2648 τάς
670 2575 855 2655 συμμαχίας
871 2571 1088 2657 προερέοντας·

91 2665 125 2740 ές
142 2662 291 2746 πέμπτον
305 2668 395 2748 μῆνα
412 2669 634 2750 συλλέγεσθαι
649 2669 682 2745 ἐς
696 2667 839 2750 Σάρδις
872 2663 933 2733 τὸν
954 2669 991 2735 δέ
1005 2688 1082 2752 παρ

91 2760 190 2830 εύντα
213 2763 268 2826 καί
288 2765 518 2848 μαχεσάμενον
538 2765 680 2854 στρατὸν
693 2769 857 2853 Πέρσησι,
879 2762 916 2845 ὃς
928 2759 973 2854 ἦν
987 2764 1100 2849 αύνῠῦ,

90 2854 249 2942 ξεινικός,
265 2858 373 2925 πάντα
389 2858 483 2939 ἀπεὶς
498 2866 704 2950 διεσκέδασε,
727 2861 857 2949 ούδαμά
873 2869 1025 2951 ἐλπίσας,
1043 2858 1101 2950 pff

89 2979 164 3023 ποτε
180 2951 245 3038 άρα
256 2951 506 3043 ἀγωνισάμενος
516 2959 604 3028 οὕτω
619 2967 854 3046 παραπλησίως
866 2969 979 3048 Κῦρος
991 2960 1083 3049 ἐλάαι
1097 2978 1100 2993 ²

54 3070 79 3125 Γ8
90 3054 143 3120 ἐπὶ
157 3051 294 3136 Σάρδις.
325 3060 436 3123 Ταῦτα
453 3059 682 3147 έπιλεγομένω
689 3056 870 3148 Κροίσῳ
836 3085 873 3125 το
890 3060 1105 3143 προάστειον

88 3160 157 3219 πᾶν
179 3148 288 3236 ὀφίων
310 3154 509 3241 ἐνεπλήσθη.
547 3159 723 3241 φανέντων
747 3156 783 3224 δέ
807 3155 920 3224 αύτοδν
942 3162 1011 3227 οί”
996 3182 1089 3227 saw

86 3245 307 3335 μετιέντες
270 3275 330 3327 τας
351 3249 457 3335 νομάς
480 3255 660 3338 νέμεσθαι,
683 3256 871 3339 φοιτέοντες
893 3246 1101 3347 κατήσθιον.’

86 3344 192 3414 ίδοντι
209 3346 245 3410 δὲ
259 3351 357 3411 τοῦτο
375 3354 524 3429 Κροίσω
541 3348 652 3434 ω’σπερ
671 3344 761 3418 καλ
738 3377 800 3436 ην,
823 3355 915 3431 ἔδοξε
928 3355 1026 3439 τέρας
1041 3348 1099 3423 είι
