2354 3840
331 156 414 212 ειν.
448 156 479 211 ιι.
515 155 614 214 cAP.
651 160 825 214 104—108.
1019 149 1080 216 167

65 318 104 385 δέ
120 312 281 403 ἀριστερῇ
294 312 389 399 τόξα,
412 315 467 381 καί
481 311 543 399 τὴν
558 311 664 399 ἀλλην
678 310 804 400 σκευὴν
827 311 1002 394 ὡσαύτως·
1024 319 1079 383 καί

64 416 133 504 γὰρ
149 420 338 503 Αἰγυπτίην
359 415 414 482 καί
428 417 614 482 Αἰθιοπίδα
634 417 716 498 ἔχει·
739 416 776 481 ἐκ
797 414 833 481 δέ
853 420 914 481 τοῦ
929 411 1023 499 ὤμου
1045 415 1078 493 ές

64 517 129 586 τόν
155 518 271 601 ἕτερον
293 507 385 601 ἀμον
411 510 465 581 διὰ
486 518 554 579 τῶν
571 513 725 597 στηθέων
744 511 920 599 γράμματα
940 509 996 600 ίρά
1015 518 1075 581 Αί-

64 616 193 704 γόπτια
221 612 329 702 διήκει
362 612 649 698 ἐγκεκολαμμένα,
681 612 822 695 λέγοντα
846 608 941 678 τάθε·
980 607 1076 678 'Em

67 720 234 783 ΤΗΝΔΕ
255 719 355 781 ΤΗΝ
369 716 535 780 ΧΩΡΗΝ
553 706 738 776 ὨΜΟΙΣΙ
758 714 891 776 ΊῸῙΣΙ
900 704 1078 777 ἙΜΟΙΣΙ

59 810 377 882 ἘΚΤΗΣΑΜΗΝ.
411 807 502 887 ὅστις
525 807 562 875 δέ
587 809 642 874 καὶ
663 802 789 875 ὁκόθεν
810 809 893 893 ἐστὶ,
926 809 1075 876 ένθαῦτα
1154 854 1158 863 -

64 907 130 996 μέν
145 903 187 974 οὐ
204 909 316 993 δηλοί,
338 907 477 992 ἑτέρωθι
499 903 535 972 δέ
552 904 727 990 δεδήλωκε.
760 902 801 970 τά
818 903 857 992 δὴ
875 907 929 973 καὶ
945 908 1076 992 μετεξέ·

63 1032 158 1094 τεροι
172 1010 240 1074 τῶν
253 1007 479 1092 θηησαμένωυ
496 1006 676 1089 Μέμνονος
697 1003 811 1071 εἰκόνα
832 1003 1002 1084 είκάζουσί
1017 1031 1076 1090 μιν

64 1103 172 1187 εἶναι,
193 1099 321 1172 πολλόν
335 1108 393 1190 τῆς
409 1099 568 1188 ἀληθείης
584 1097 868 1187 ἀπολελειμμένοι.

156 1206 286 1269 Τοῦτον
303 1198 343 1288 θη
358 1198 419 1269 τόν
431 1201 620 1286 Αίγύπτιον
635 1201 829 1283 Σέσωστριν
843 1195 1076 1286 ἀναχωρέοντα
1088 1220 1137 1277 ιοτ

64 1304 124 1368 καλ
139 1297 308 1386 ἀνάγοντα
322 1296 469 1377 πολλοὺς
479 1293 686 1382 ἀνθρώπους
695 1301 764 1361 τῶν
776 1296 920 1379 ἐθνέων,
937 1303 1006 1363 τῶν
1016 1293 1077 1376 τὰς

27 1406 35 1413 “
63 1397 177 1485 χώρας
196 1398 455 1483 κατεστρέψατο,
478 1401 595 1481 ἔλεγον
615 1399 650 1462 οί
668 1396 770 1480 ίρέες,
806 1396 914 1462 ἐπείτε
944 1398 1075 1482 ἐγένετο

63 1494 350 1583 ἀνακομιζόμενος
365 1496 402 1563 έν
413 1496 575 1582 Δάφνῃσι
586 1499 661 1582 τῇσι
671 1499 892 1580 Πηλουσίῃσι,
903 1489 964 1560 τόν
976 1489 1076 1560 ἀθελ-

63 1591 154 1680 φεόν
166 1589 332 1681 [ἑωυτοῦ],
350 1595 397 1684 τῷ
413 1595 570 1680 ἐπέτρεψε
590 1594 780 1678 Σέσωστρις
805 1586 867 1675 τὴν
888 1600 1074 1677 Αἴγυπτον,

63 1698 189 1760 τοῦτον
207 1694 260 1759 ἐπὶ
274 1696 378 1772 ξείνια
398 1687 504 1759 αὐτὸν
521 1694 706 1758 καλέσαντα
720 1690 775 1755 καὶ
789 1685 874 1775 πρὸς
888 1685 978 1776 αὐτῷ
995 1684 1075 1766 τούς

63 1792 203 1875 παῖδας,
235 1797 411 1877 περινῆσαι
441 1794 568 1870 ἔξωθεν
592 1784 655 1875 τὴν
682 1793 791 1874 οίκίηυ
818 1785 901 1876 ὕλη,
934 1786 1075 1874 περινή-

64 1907 173 1954 σαντα
193 1886 230 1954 όέ
250 1883 451 1974 ὑποπρῆσαι.
475 1884 536 1954 τόν
557 1887 593 1954 δὲ
608 1884 653 1964 ἀς
673 1897 797 1972 μαθεῖν
816 1893 932 1972 τοῦτο,
955 1882 1074 1954 αὐτίκα

64 1983 362 2071 συμβουλεύεσθαι
375 1992 415 2074 τῇ
429 1991 581 2071 γυναικί·
597 1987 652 2052 καὶ
662 1981 727 2071 γάρ
739 1980 779 2072 δὴ
791 1986 844 2052 καὶ
857 1981 919 2071 τὴν
930 1997 1074 2070 γυναῖκα

42 2136 47 2141 -
64 2079 173 2151 αὐτόν
186 2081 254 2169 ἀμα
269 2081 421 2170 ἀγεσθαι.
452 2081 515 2171 τὴν
537 2085 576 2151 δέ
593 2089 628 2152 ολ
641 2088 891 2170 συμβουλεῦσαι
910 2089 978 2150 τῶν
995 2087 1074 2148 παί-

64 2192 138 2253 θων
154 2185 280 2253 ἐόντων
301 2189 335 2267 ’ἐξ
351 2183 431 2266 τοὺς
452 2187 514 2253 δύο
531 2187 585 2254 ἐπὶ
604 2182 667 2272 τὴν
680 2180 794 2270 πυρὴν
810 2186 1000 2251 ἐκτείναντα
1016 2208 1074 2269 γε-

64 2289 223 2370 φυρῶσαι
242 2281 279 2351 τὰ
295 2285 494 2373 καιόμενον,
517 2281 641 2362 αὐτοὺς
659 2282 690 2351 δ’
714 2281 765 2351 ἐπ’
790 2286 928 2351 ἐκείνων
943 2287 1074 2368 ἐπιβαί-

64 2407 187 2461 νοντας
203 2383 415 2466 ἐκσώζεσθαι.
443 2393 547 2454 ταῦτα
562 2393 699 2471 ποιησαι
713 2383 772 2453 τὸν
787 2387 997 2471 Σέσωστριν,
1018 2385 1074 2450 καί

64 2481 208 2568 θύομέν
226 2490 294 2551 τῶν
314 2489 445 2554 παίδων
461 2491 666 2571 κατακαῆναι
685 2483 799 2574 τρόπω
815 2482 973 2575 τοιούτῳ,
994 2479 1075 2560 τοὺς
1156 2484 1159 2489 ’

63 2583 103 2651 δὲ
117 2578 257 2663 λοιποὺς
272 2581 494 2674 ἀποσωθῆναι
509 2584 578 2673 ἀμα
592 2591 639 2675 τῷ
654 2589 761 2669 πατρί.
807 2583 983 2672 Νοστήσας
1003 2581 1039 2650 δέ
1055 2573 1074 2648 ὁ
1088 2591 1138 2647 108

64 2685 256 2768 Σέσωστρις
271 2686 304 2763 ές
318 2682 380 2773 τὴν
390 2695 567 2773 Αιγυπτον
578 2684 633 2752 καὶ
644 2683 820 2768 τισάμενος
834 2681 895 2750 τόν
909 2677 1075 2768 ἀδελφεόν

64 2787 112 2872 τῷ
126 2779 189 2868 μέν
204 2777 326 2875 ὁμίλῳ,
347 2782 407 2852 τὸν
424 2785 607 2872 έπηγάγετο
623 2788 691 2851 τῶν
704 2779 763 2860 τάς
775 2781 885 2868 χώρας
899 2784 1076 2864 κατεστρέ-

64 2892 151 2960 ψατο
159 2929 169 2963 ,
184 2878 292 2972 τούτῳ
307 2883 370 2969 μὲν
386 2881 466 2950 τάδε
480 2882 656 2969 ἐχρήσατο·
678 2880 757 2957 τούς
771 2883 809 2946 τέ
818 2883 853 2947 οί
863 2885 982 2956 λίθους
996 2875 1075 2956 τούς

63 2978 119 3045 ἐπί
136 2977 261 3047 τούτου
280 2987 341 3048 τοῦ
357 2984 511 3069 βασιλέος
526 2983 748 3068 κομισθέντας
770 2981 802 3056 ἐς
817 2984 878 3045 τοῦ
888 2974 1075 3064 Ἡφαίστου

64 3072 102 3142 τό
119 3070 212 3162 ίρόν,
235 3076 352 3157 ἐόντας
366 3079 511 3166 μεγάθει·
522 3077 740 3168 περιμήκεας,
763 3068 857 3145 οὗτοι
871 3067 958 3165 ἦσαν
974 3083 1008 3146 ολ
1020 3078 1074 3146 ἐλ-

63 3175 246 3262 κόσαντες,
268 3179 323 3246 καί
338 3176 397 3258 τάς
420 3180 587 3266 διώρυχας
606 3173 665 3255 τὰς
685 3183 751 3244 νῦν
772 3175 892 3256 ἐούσας
914 3180 950 3244 έν
964 3178 1072 3262 Αίγύ-

63 3297 136 3363 πτω
159 3271 268 3353 πάσας
288 3264 383 3344 οὗτοι
407 3274 672 3363 ἀναγκαζόμενοι
695 3274 858 3362 ἀρυσαον.
888 3279 1023 3344 ἐποίευν
1037 3301 1073 3344 τε

63 3368 129 3439 οάιι
149 3371 282 3451 ἑκόντες
294 3383 488 3463 Αἴγυπτον,
509 3372 547 3445 τὸ
566 3377 647 3463 πρὶν
673 3378 796 3446 ἐοῦσαν
816 3381 1008 3458 ἱππασίμην
1029 3380 1093 3441 καὶ.
