2354 3840
128 175 168 241 74
510 180 747 238 HERODOTI

127 347 171 417 άν
194 376 241 428 τις
264 352 434 435 διαγνοίη,
460 353 492 417 εί
512 345 626 435 ὁμοῖοί
649 353 725 416 είσι·
751 346 826 418 ἀντὶ
849 348 915 439 γάρ
937 353 1000 420 τού
1025 373 1128 442 προσ·

127 446 302 534 αγορεύειν
328 445 494 535 ἀλλήλους
517 449 669 535 φιλέουσι
691 462 775 517 τοίσι
801 449 955 538 στόμασι,
982 448 1024 539 ἢν
1047 452 1088 522 δέ
1108 444 1129 541 ἦ
1140 478 1144 485 ·

127 547 263 637 οὕτερος
286 541 525 636 ὑποδεέστερος
549 543 671 640 όλίγφ,
700 545 760 629 τὰς
788 547 926 638 παρειάς
950 553 1128 639 φιλέονται,

125 645 148 736 ἢ
167 647 205 716 δέ
222 651 335 738 πολλῷ
354 641 376 736 ᾖ
395 644 533 736 οὕτερος
546 644 771 736 άγενέστερος,
789 656 1011 738 προσπίπτων
1024 674 1127 739 προσ·
1149 722 1152 727 ,

125 749 238 816 κυνέει
253 745 314 814 τόν
332 750 455 834 ἕτερον.
494 747 642 835 τιμέουσι
665 747 703 816 δέ
727 752 763 816 έκ
780 748 915 818 πάντων
937 749 1018 831 τούς
1036 751 1128 840 ἄγχι·

127 870 188 915 στα
212 848 346 914 ἑωυτῶν
372 848 542 926 οἰκέοντας
564 846 647 935 μετά
670 874 708 932 γε
732 848 894 934 ἑωυτούς,
927 850 1070 938 δεύτερα
1094 850 1129 921 δέ

125 946 206 1026 τούς
234 947 431 1035 δευτέρους,
466 946 549 1035 μετδι
575 946 613 1015 δέ
644 946 727 1016 κατά
757 948 860 1034 λόγον
890 957 1127 1038 προβαίνοντες

125 1049 288 1135 τιμέουσι·
328 1045 444 1134 ἥκιστα
473 1046 512 1115 δέ
539 1045 618 1126 τούς
644 1049 778 1116 ἑωυτόν
805 1049 970 1118 ἑκαστάτω
994 1053 1127 1141 οἰκημέ-

125 1173 207 1226 νους
234 1149 267 1226 ές
290 1149 366 1236 τιμῇ
393 1145 547 1234 άγονται,
581 1153 769 1235 νομίζοντες
793 1150 939 1229 ἑωυτούς
963 1148 1054 1220 εἶναι
1070 1148 1128 1220 άν-

124 1245 274 1335 θρύιιωυ
300 1252 418 1340 μακρῷ
441 1245 482 1316 τά
506 1245 615 1315 πάντα
638 1244 813 1338 ἀρίστους,
842 1250 922 1328 τοδς
946 1249 984 1318 δέ
1008 1249 1128 1331 ἄλλους

125 1345 208 1414 κατά
226 1345 329 1432 λόγον
344 1347 404 1415 τόν
421 1347 604 1435 λεγόμενον
620 1354 678 1433 τῆς
690 1345 810 1435 ἀρετῆς
823 1348 1035 1438 ἀντέχεσθαι,
1053 1349 1128 1431 τούς

125 1445 164 1514 δέ
187 1445 352 1514 ἑκαστάτω
383 1447 552 1526 οἰκέοντας
580 1444 646 1515 ἀπό
674 1449 809 1517 έωυτοόν
832 1456 1009 1530 κακίστους
1036 1446 1150 1519 εἶναι.ι

125 1545 181 1613 ἐπὶ
199 1543 237 1613 δὲ
256 1544 388 1631 Μήδων
406 1543 578 1633 ἀρχόντων
601 1547 657 1614 καὶ
680 1540 761 1636 ἦρχε
783 1548 824 1615 τά
842 1554 944 1617 έθνεα
962 1547 1127 1638 ἀλλήλων,
1168 1586 1170 1645 ;

125 1644 350 1713 συναπάντων
375 1644 439 1732 μέν
463 1645 579 1732 Μῆδοι
606 1647 662 1713 καὶ
691 1654 759 1715 τῶν
785 1645 923 1734 άγχιστα
950 1649 1128 1720 οἰκεόντων
1168 1666 1170 1679 “

125 1749 230 1830 σφίσι,
244 1736 335 1813 οὗτοι
349 1744 387 1813 δέ
400 1747 538 1814 καὶτῶν
551 1743 718 1835 ὁμούρων,
737 1752 773 1816 οί
782 1747 820 1816 δὲ
832 1747 920 1835 μάλα
932 1752 1001 1818 τῶν
1014 1748 1126 1839 έχομέ-
1165 1738 1170 1839 j

123 1869 203 1910 νων.
238 1842 320 1911 κατά
337 1844 398 1913 τὸν
416 1840 522 1914 αύτόν
539 1846 578 1914 δέ
596 1846 699 1932 λόγον
715 1847 772 1916 καὶ
789 1852 824 1915 οἱ
835 1849 963 1935 Πέρσαι
971 1854 1132 1933 τιμέουσι·
1168 1854 1170 1923 ἶ

125 1950 303 2035 προέβαινε
324 1946 389 2033 γάρ
412 1949 452 2033 δὴ
473 1946 510 2014 τδ
532 1950 634 2023 ἔθνος
654 1943 758 2029 άρχον
771 1968 808 2010 τε
827 1946 882 2012 καὶ
897 1947 1126 2030 ἐπιτροπεῦον.
1168 1986 1170 2013 !

60 2073 106 2130 135
126 2043 261 2125 Ξεινικά
276 2045 313 2112 δέ
328 2045 451 2132 νόμαια
465 2049 593 2131 Πέρσαι
606 2049 800 2129 προσίενται
819 2040 956 2129 ἀνδρῶν
969 2043 1114 2130 μάλιστα
1168 2052 1170 2107 ἔ

124 2140 263 2229 καὶγὰρ
285 2139 325 2229 δὴ
349 2140 412 2230 τὴν
427 2139 588 2228 Μηδικὴν
609 2143 735 2227 ἐσθῆτα
755 2148 952 2226 νομίσαντες
971 2147 1032 2228 τῆς
1046 2144 1145 2209 ἔωσε
1168 2230 1170 2237 Ι

124 2249 192 2312 τῶν
208 2241 291 2309 εἶναι
306 2248 430 2310 καλλίω
445 2243 625 2328 φορέουσι,
648 2241 703 2307 καὶ
724 2240 757 2317 ές
777 2235 856 2316 τούς
871 2240 1041 2325 πολέμους
1054 2235 1127 2317 τοδς
1168 2316 1170 2323 Ι

124 2347 330 2428 Αἰγυπτίους
354 2339 524 2427 θώρηκας.
568 2338 624 2405 καὶ
649 2333 832 2415 εὐπαθείας
855 2362 890 2405 τε
914 2333 1127 2413 παντοδαπᾶς

127 2438 385 2525 πυνθανόμενοι
400 2433 651 2523 ἐπιτηδεύουσι,
675 2434 730 2502 καὶ
751 2430 792 2519 δὴ
814 2435 869 2502 καὶ
891 2430 944 2504 ἀτί
960 2431 1126 2524 Ἑλλήνων

126 2536 295 2624 μαθόντες
308 2538 402 2604 παισὶ
417 2543 601 2623 μίσγονται.
638 2536 800 2620 γαμέουσι
815 2530 847 2599 δ’
867 2535 1004 2614 ἕκαστος
1019 2533 1125 2605 αὐτόν

125 2633 251 2713 πολλάς
271 2634 333 2721 μέν
347 2637 520 2723 κουριδίας
538 2645 718 2718 γυναῖκας,
738 2638 851 2720 πολλῷ
872 2629 903 2698 δ’
921 2637 970 2700 έτι
984 2640 1125 2711 πλεῦνας
1158 2672 1163 2709 ς

61 2764 109 2822 135
126 2728 299 2810 παλλακάς
314 2734 472 2802 κτέουται.
507 2727 735 2817 Ἀνδραγαθίη
750 2725 779 2796 δ’
794 2727 879 2817 αὕτη
901 2725 1124 2803 ἀποδέδεκται.
1158 2722 1161 2731 ’

126 2826 208 2920 μετά
235 2826 272 2896 τό
298 2829 463 2915 μάχεσθαι
491 2826 576 2896 εἶναι
591 2824 741 2916 ἀγαθόν,
769 2823 806 2906 δς
826 2823 871 2893 α”ν
884 2826 1033 2911 πολλούς
1047 2829 1123 2901 ἀπσ-

126 2932 203 3018 δέξῃ
219 2934 355 3007 παῖδας·
385 2935 431 3019 τῷ
446 2927 483 2996 δὲ
497 2925 577 3007 τοὺς
592 2933 768 3006 πλείστους
783 2922 1025 2997 ἀποδεικνύντι
1040 2934 1125 3017 δῶρα

125 3029 283 3113 ἐκπέμπει
304 3023 497 3114 δβασιλεύς
510 3023 576 3093 ἀνά
592 3034 661 3094 πᾶν
677 3032 758 3105 έτος.
802 3023 840 3094 τὸ
855 3024 984 3096 πολλόν
1003 3026 1038 3095 δ’
1053 3024 1111 3117 ἦγέ
1157 3104 1160 3113 ,

126 3151 202 3193 αται
225 3123 364 3212 ἰσχυρόν
389 3125 482 3192 εἶναι.
525 3125 725 3193 παιδεύουσι
747 3124 783 3193 δέ
801 3123 881 3204 τούς
899 3129 1040 3214 παῖδας,
1064 3118 1123 3193 &nd

125 3224 318 3300 πενταέτεος
343 3219 524 3309 ἀρξάμενοι
548 3226 642 3307 μέχρι
664 3226 884 3309 εἰκοσαέτεος,
907 3230 984 3309 τρία
1009 3230 1126 3311 μοῦνα,
1156 3230 1161 3309 ἶ

124 3314 281 3391 ’ἱππεύειν
296 3322 353 3389 καλ
366 3319 517 3400 τοξεύειν
531 3321 586 3387 καὶ
601 3316 828 3407 ἀληθίζεσθαι.
866 3325 947 3408 πρὶν
962 3320 999 3389 δέ
1012 3316 1037 3411 ἢ
1050 3345 1126 3389 πεν·

126 3421 240 3504 ταέτης
252 3421 406 3505 γένηται,
428 3413 491 3484 ούκ
505 3413 696 3486 ἀπικνέεται
711 3421 744 3497 ές
760 3416 840 3500 ὅφιν
853 3426 898 3510 τῷ
914 3423 1032 3509 πατρὶ,
1048 3414 1125 3491 ἀλλά
