2354 3840
131 192 196 256 ³3⁰
508 197 757 257 HERODOTI

131 361 228 443 ἔλαβε
248 352 309 424 τόν
332 352 499 441 ἀδελφεόν
514 356 662 442 Σκύλην.
691 356 748 422 καλ
762 352 928 441 Σιτάλκης
944 356 1008 442 μέν
1029 379 1136 440 παρα-

129 453 246 544 λαβύν
258 452 320 523 τόν
334 453 502 541 ἀδελφεόν
511 452 669 541 ἀπήγετο,
683 453 827 522 Σκύλεω
840 453 878 521 δὲ
889 450 1135 540 Ὀκταμασάδης

131 551 238 622 αὐτοῦ
250 554 356 644 ταύτη
370 552 515 640 ἀπέταμε
528 550 592 640 τήν
603 551 763 638 κεφαλήν.
786 549 875 619 οὕτω
886 553 949 637 μέν
963 553 1134 638 περιστέλ-

131 659 230 719 λουσι
247 649 286 718 τά
308 650 453 736 σφέτερα
474 652 599 736 νόμαια
615 650 772 734 Σκύθαι,
793 662 880 716 τοῖσι
899 647 938 717 δὲ
954 673 1133 737 παρακτεο

24 768 29 778 ’
132 750 263 834 μένοισι
278 747 444 828 ξεινικοὺς
459 749 586 835 νόμους
602 753 740 816 τοιαῦτα
754 748 900 832 έπιτίμια
915 749 1059 815 διδοῦσι.

82 861 114 918 81
216 851 355 930 Πλήθος
369 846 406 913 δὲ
419 842 456 912 τό
469 847 639 914 Σκυθέων
655 840 718 912 οὐκ
733 837 803 921 οἷός
813 867 848 909 τε
859 841 1025 930 ἐγενόμην
1040 840 1132 930 ἀτρε-

134 946 216 1021 κέως
231 944 421 1028 πυθέσθαι,
448 939 532 1011 ἀλλὰ
544 941 730 1029 διαφόρους
744 938 866 1025 λόγους
889 939 966 1025 περὶ
984 944 1049 1006 τού
1062 936 1132 1026 ἀρι-

130 1047 224 1128 θμοῦ
243 1037 388 1127 ήκουον·
410 1043 466 1109 καί
479 1037 544 1127 γάρ
565 1040 671 1127 κάρτα
684 1035 831 1114 πολλούς
846 1033 934 1103 εἷναί
955 1054 1062 1122 σφεας
1081 1039 1131 1104 καί

131 1135 301 1225 όλίγους“
279 1165 323 1218 ως
333 1140 476 1219 Σκύθας
488 1137 582 1206 εἶναι.
601 1136 742 1206 τοσόνδε
752 1136 865 1220 μέντοι
876 1129 1070 1252 ἀπέφαινόν
1079 1157 1128 1220 μοι

130 1235 189 1316 ἐς’
177 1237 273 1320 όψιν
296 1243 365 1307 ἔστι
378 1235 501 1326 μεταξύ
513 1233 746 1323 Βορυσθένεός
758 1258 793 1300 τε
803 1255 956 1317 ποταμον
943 1227 1044 1298 καθ’
1042 1229 1131 1298 Τιτά-

131 1362 202 1416 νιος
216 1344 339 1424 χῶρος,
361 1335 492 1424 οὔνομα
506 1339 546 1403 δέ
556 1337 592 1401 οί
605 1336 673 1402 ἐστι
684 1329 895 1417 Ἐξαμπαῖος,
916 1353 979 1396 του
964 1329 1051 1395 καί
1064 1323 1131 1395 όλί-

130 1460 192 1520 γον
202 1461 234 1503 τι
247 1435 413 1522 πρότερον
424 1434 555 1511 τούτων
565 1432 702 1519 μνήμην
714 1428 819 1516 εἶχον,
835 1426 986 1515 φάμενος
996 1429 1034 1494 έν
1045 1423 1131 1516 αὐτῷ

130 1531 261 1649 κρήνην
275 1529 397 1611 ὕδατος
409 1556 534 1615 πικρον
519 1527 694 1616 ”ἐίναι,
675 1525 732 1596 απ’
750 1519 790 1615 ής
803 1552 841 1594 το
830 1523 986 1613 ὕδωρ’
965 1527 1131 1612 απορρέον

129 1625 190 1694 τὸν
197 1626 380 1696 ”Τπανιν”
357 1653 484 1698 αποτον
507 1631 643 1696 ποιέειν.
667 1629 705 1695 έν
720 1625 828 1716 τούτῳ
846 1651 892 1715 τφ
908 1623 1007 1714 χόρφ
1028 1624 1132 1690 κέεται

128 1728 304 1814 χαλκήιον,
326 1730 471 1816 μεγάθεϊ
486 1732 542 1797 καὶ
556 1728 758 1816 ἑξαπλήσιον
771 1733 833 1794 τοῦ
855 1692 908 1793 έπλ
921 1724 1064 1811 στόματι
1078 1728 1132 1792 τοῦ

129 1823 266 1893 Πόντου
283 1835 464 1916 κρητήρος,
486 1826 547 1896 τόν
561 1833 757 1912 Παυσανίης
771 1823 1045 1913 ὁΚλεομβρότου
1059 1821 1132 1892 άνέ·

129 1934 225 2010 θηκε.
249 1921 286 2002 δς
297 1926 333 1992 δὲ
343 1922 388 2013 μή
401 1925 470 1994 είδέ
477 1934 675 2012 κωτοῦτον,
689 1917 754 1994 οἶδε
765 1924 921 2012 δηλιόσω·
943 1925 1130 2006 ἑξακοσίους

129 2019 300 2111 ἀμφορέας
327 2022 489 2105 εὐπετέως
515 2029 631 2113 χωρέει
655 2022 691 2092 τό
723 2026 760 2092 ἐν
779 2023 940 2112 Σκύθησι
962 2022 1128 2112 χαλκήων,

130 2122 234 2208 πάχος
255 2124 292 2191 δὲ
314 2123 352 2191 τό
368 2123 548 2195 Σκυθικόν
569 2133 668 2194 τοῦτο
687 2124 847 2211 χαλκήιόν
869 2126 938 2191 έστι
959 2124 1129 2192 δακτύλων

130 2224 173 2300 ἕξ.
196 2226 295 2286 τοῦτο
313 2213 362 2287 όν
377 2228 494 2344 ἔλεγρν
508 2227 541 2291 οί
554 2221 757 2309 έπιχόριοι’
738 2247 785 2290 απ
795 2221 950 2310 ’ἀρδίων
963 2227 1127 2309 γενέσθαι.

128 2317 340 2408 βουλόμενον
354 2318 418 2409 γάρ
430 2320 491 2391 τόν
503 2326 666 2411 σφέτερον
676 2327 829 2410 βασιλέα,
844 2350 891 2414 τφ
907 2321 1039 2411 οόνομα
1052 2322 1128 2393 εἶναι

126 2414 320 2505 Ἀριαντάν,
355 2428 477 2489 τοῦτον
503 2429 533 2491 ε
519 2419 675 2491 δέναι
643 2447 678 2490 το
694 2430 824 2509 πλῆθος
838 2449 876 2491 το
865 2419 1064 2507 Σκυθέων
1078 2450 1128 2493 κε-

129 2516 244 2587 λεόειν
258 2544 317 2603 μιν
328 2519 458 2600 πάντας
469 2523 611 2599 Σκύθας
626 2518 762 2608 άρδιν“
741 2540 881 2589 εκαστον
896 2520 1012 2609 μίαν’
992 2521 1059 2592 απδ
1074 2531 1128 2590 τοῦ

129 2612 244 2683 ὀϊστοῦ
260 2617 453 2702 κομίσαι·“
434 2645 469 2696 ος
485 2615 555 2685 δ
539 2617 583 2686 ἀν
605 2616 649 2705 μή
666 2625 801 2708 κομίσῃ,
824 2619 978 2689 θάνατον
990 2617 1127 2709 η’πείλεε.

130 2720 338 2800 κομισθήναί
349 2741 385 2782 τε
401 2715 441 2803 δή
458 2725 566 2805 χρῆμα
581 2717 708 2788 πολλόν
723 2717 850 2804 ἀρδίων
864 2726 923 2789 καί
940 2726 976 2789 οί
993 2721 1088 2802 δόξαι
1100 2720 1129 2800 ἐξ

131 2807 260 2878 αὐτέων
277 2813 498 2900 μνημόσυνον
511 2817 689 2904 ποιήσαντι
700 2819 872 2887 λιπέσθαι·
895 2822 932 2888 ἐκ
946 2819 1079 2889 τούτων
1091 2817 1130 2907 δή

129 2939 189 2999 μιν
205 2909 241 2981 τό
270 2914 430 3002 χαλκήϊον
446 2923 581 3003 ποιήσαι
606 2924 705 2985 τοῦτο
730 2920 786 2986 καί
810 2916 989 2987 ἀναθεῖναι
1015 2923 1049 3000 ές
1076 2917 1131 2987 τόν

125 3008 324 3097 Ἐξαμπαῖον
334 3020 464 3082 τοῦτον.
486 3021 590 3083 ταῦτα
601 3013 641 3102 δή
654 3019 730 3138 περὶ
740 3042 802 3085 τον
787 3017 961 3105 πλήθεος
971 3025 1034 3087 τοῦ
1040 3028 1132 3088 Σκυ-

80 3120 115 3176 82
130 3109 270 3179 θέων”
247 3138 383 3198 ηκονον
452 3114 613 3199 Θωμάσια
638 3114 714 3183 δέ
697 3143 718 3203 η
746 3116 840 3203 χάρη
867 3115 951 3202 αὕτη
973 3115 1038 3185 ούκ
1060 3123 1133 3205 ἔχει,

129 3206 302 3297 χωρλςή“
282 3237 333 3280 οτι
350 3212 520 3300 ποταμούς
536 3237 572 3280 τε
586 3220 698 3304 πολλῷ
718 3221 894 3300 μεγίστους
910 3217 965 3281 καὶ
982 3211 1134 3303 ἀριθμόν

129 3316 313 3389 πλείστους.
324 3339 361 3381 το
351 3311 407 3380 δὲ
433 3307 655 3399 ἀποθωμάσαι
683 3311 778 3393 ἀξιον
799 3314 854 3381 καὶ
868 3315 973 3401 πάρεξ
987 3320 1058 3382 τάν
1073 3339 1134 3384 πο-

129 3433 243 3493 ταμων
258 3411 313 3476 καὶ
327 3435 387 3476 του
373 3408 568 3496 μεγάθεος
580 3436 642 3478 του
627 3416 774 3480 πεδίον
789 3414 980 3500 παρέχεται,
1003 3439 1020 3480 ε
1021 3413 1135 3503 ρησε-
