2354 3840
300 215 386 272 ΗΒ.
417 215 440 271 1.
474 214 575 275 CAP.
610 219 784 278 lla-11⁶.
1008 212 1050 276 66

44 377 110 438 σοῦ
128 368 272 457 δούλου,
286 370 456 459 βουκόλου
471 371 507 440 δὲ
523 369 658 459 παιθὸς,
683 365 749 442 άδε
771 381 1048 463 περιυβρίσμεθα,

46 463 182 546 δεικνύς
196 475 258 536 τοῦ
271 465 392 549 παιδός
407 465 487 547 τούς
501 468 622 556 τόμους.
664 467 826 551 Ἀκούσας
846 472 882 539 66
897 475 952 540 καί
966 469 1051 540 ίθόν
1066 479 1117 531 116

45 565 64 636 6
76 564 276 654 Ἀστυάγης,
290 567 420 638 ἐθέλων
432 574 616 654 τιμωρῆσαι
631 575 676 658 τῷ
688 571 781 637 παιδὶ
795 575 889 657 τιμῆς
904 575 962 656 τῆς
974 565 1050 650 Ἀρ-

45 665 219 754 τεμβάρεω
233 666 603 752 είυεκεν,-μετεπέμπετο
616 666 677 735 τόν
690 692 725 734 τε
738 665 908 755 βουκόλον
922 668 977 734 καί
989 663 1049 733 τόν

46 769 157 832 παῖδα.
197 762 303 832 ἐπείτε
324 761 361 828 δὲ
371 768 527 849 παρῆσαν
541 759 737 850 ἀμφότεροι,
753 764 878 850 βλέψας
892 760 976 850 πρός
989 760 1049 830 τὸν

46 867 166 948 Κῦρον
186 855 205 928 6
223 857 406 946 Ἀστυάγης
426 865 508 947 ἐφη·
552 856 607 928 Σύ
623 859 664 947 66
686 856 752 928 ἐόν
771 864 871 928 τοῦδε
891 861 1049 928 τοιούτου

46 955 161 1032 ἐόντος
175 967 254 1032 παῖς
268 953 506 1042 ἐτόλμησας
472 983 533 1025 του
556 962 654 1026 τοῦδε
668 963 770 1027 παῖδα
785 958 899 1038 ἐόντος
913 958 1048 1047 πράτου

46 1075 113 1137 παρ
111 1047 210 1136 ’ἐμοὶ
224 1047 349 1139 άεικείη
361 1057 671 1170 τοιῇόεπερισπεϊνς
693 1054 780 1125 ‘066
797 1053 950 1145 ἀμείβετο
966 1049 1046 1124 όόε·

43 1142 79 1216 Ὦ
94 1150 239 1216 δέσποτα
251 1148 352 1235 ,ἐμοὶ
375 1153 480 1218 ταύτα
503 1154 624 1219 τούτου
642 1150 781 1235 ἐποίησα
805 1149 871 1218 σύν
902 1158 993 1241 δίκη·
1016 1157 1050 1220 oc

46 1248 109 1335 γάρ
126 1273 167 1335 με
183 1251 272 1315 ἐκ
232 1274 290 1336 της
301 1248 417 1337 κόμης
430 1255 562 1338 παῖδες,
582 1278 651 1320 των
665 1255 721 1320 καὶ
735 1244 829 1319 ὅδε
806 1279 861 1340 ην,
877 1258 1047 1332 παίζοντες

45 1345 160 1430 σφέων
175 1341 288 1413 αὐτῶν
301 1347 482 1436 ἐστήσαντο
496 1351 649 1435 βασιλέα
681 1349 818 1418 ἐδόκεον
837 1350 902 1438 γάρ
924 1369 984 1435 σφι
1000 1347 1047 1416 εί-

46 1469 101 1511 ναι
124 1444 158 1520 ἐς
180 1449 279 1509 τούτο
300 1445 567 1530 ἐπιτηδεότατος.
601 1449 636 1514 οί
655 1447 717 1532 μέν
740 1472 806 1514 νυν
821 1445 916 1516 ἄλλοι
932 1451 1047 1523 παῖδες

44 1539 83 1610 τά
100 1539 344 1628 ἐπιτασσόμενα
358 1543 541 1629 ἐπετέλεον,
563 1536 661 1623 οὗτος
675 1544 711 1611 δὲ
726 1540 932 1630 ἀνηκούστεέ
943 1569 978 1611 τε
992 1546 1047 1610 καὶ

47 1640 149 1726 λόγον
165 1637 228 1725 εἶχε
239 1637 373 1727 ούδένα,
389 1641 422 1718 ἐς
437 1636 565 1729 όέλαβε
581 1639 643 1729 τὴν
658 1646 764 1729 δίκην.
789 1648 819 1711 εί
832 1635 880 1710 ὦν
896 1639 936 1730 δὴ
948 1645 1047 1711 τοῦδε

46 1742 176 1808 εἵνεκεν
190 1735 282 1820 ἄξιός
302 1764 361 1807 τευ
375 1746 482 1807 κακοῦ
496 1742 579 1827 είμλ,
603 1738 660 1809 όΰε
674 1765 725 1809 τοι
741 1740 887 1827 πάρειμι.
936 1745 1047 1805 Ταῦτα
1065 1744 1112 1800 116

46 1838 202 1924 λέγοντος
226 1845 287 1905 τοῦ
314 1834 434 1916 παιδὸς
457 1833 518 1905 τόν
538 1834 719 1925 Ἀστυάγεα
743 1837 831 1926 ἐσήιε
858 1834 1048 1922 άνάγνωσις

46 1933 168 2021 αὐτοῦ,
188 1939 248 2002 καί
256 1931 332 2003 ““οί
312 1961 331 2002 ο
346 1959 382 2002 τε
401 1930 569 2055 χαρακτὴρ
586 1942 646 2003 τοῦ
662 1935 845 2023 προσώπου
859 1932 1048 2021 προσφέρε-

46 2043 127 2103 σθαι
142 2029 256 2102 έόόαεε
273 2032 307 2110 ἐς
320 2028 448 2100 ἑωυτόν
469 2030 562 2100 καΓ
544 2061 566 2120 η
588 2029 765 2150 ὑπόκρισις
786 2028 1046 2143 ἐλευθεριωτέρας

46 2126 191 2218 εἷναι,“
170 2154 188 2197 ο
211 2155 248 2197 τε
266 2128 390 2216 χρόνος
412 2133 469 2217 τῆς
485 2123 642 2208 ἐκθέσιος
662 2136 702 2218 τῇ
722 2124 834 2216 ἡλικίῃ
853 2151 914 2195 του
899 2119 1047 2201 παιδός

45 2229 158 2298 ἐδόκεε
185 2233 393 2314 συμβαίνοιεν.
426 2229 598 2313 ἐκπλαγεὶς
622 2228 658 2295 δέ
680 2227 828 2296 τούτοισι
848 2227 898 2292 ἐπὶ
923 2222 1046 2309 χρόνον

45 2327 222 2416 ἄφθογγος
234 2317 295 2412 ἦν·
309 2323 455 2445 μόγιςδέ
462 2325 512 2411 -ὃή
525 2322 813 2410 ποτεάνενειχθείς
826 2321 905 2408 εἶπε,
918 2324 1047 2390 ἐθέλων

45 2424 209 2510 ἐκπέμψαι
231 2417 292 2489 τόν
309 2419 589 2510 Ἀρτεμβάρεα,”
574 2448 630 2489 ινα
651 2420 711 2489 τόν
732 2421 902 2507 βουκόλον
915 2425 1045 2504 μοῦνον

43 2519 159 2612 λαβων
169 2525 350 2638 βασανίσῃ
368 2515 596 2635 Ἀρτέμβαρες,
611 2515 675 2604 ἐγώ
690 2525 793 2584 ταῦτα
804 2514 945 2603 ποιήσω,
962 2511 1045 2578 ὥστε

43 2621 78 2688 σέ
100 2613 211 2687 καὶ
176 2642 237 2685 τον
257 2620 359 2684 παίόα
379 2612 440 2682 τόν
463 2614 526 2683 σόυ
548 2615 653 2702 μηδὲν
673 2615 928 2702 ἐπιμέμφεσθαι.
978 2609 1046 2679 Τόν

42 2713 162 2806 μὲνδὴ
177 2713 400 2804 Ἀρτεμβάρεα
414 2717 552 2802 πέμπει,
573 2711 634 2783 τὸν
651 2714 687 2782 δε
701 2703 857 2801 Κῦρον
833 2738 919 2802 ηγον
935 2717 1000 2780 ἐσω
1015 2717 1048 2780 οί

42 2813 253 2928 θεράποντες
269 2810 490 2889 κελεύσαντος
504 2835 566 2878 του
551 2806 784 2894 Ἀστυάγεος.
812 2810 882 2876 ἐπεὶ
904 2807 979 2874 66
962 2833 1044 2875 υπε-

42 2902 242 2981 λέλειπτο’
225 2931 242 2974 ο
273 2903 437 3025 βουκόλος
465 2909 590 2990 μοῦνος
618 2909 836 2991 μουνωθέντα
867 2903 971 2972 αύτόυ
999 2913 1047 2972 εί-

41 3033 120 3094 ρετο
135 3003 177 3074 6’
171 3001 366 3127 Ἀστυάγης,
386 3001 494 3072 κόθεν
508 3001 607 3090 λάβοι
632 2997 693 3070 τόν
712 3004 814 3069 παῖδα
828 3000 884 3068 καὶ
897 3006 946 3080 τίς
961 2999 1041 3086 εἴη’
1027 3028 1046 3070 ο

42 3091 264 3195 παραδούς.“
249 3130 268 3173 ο
286 3103 323 3172 δὲ
340 3105 374 3184 ἐξ
390 3105 563 3172 ἐωυτοῦτε
578 3107 641 3188 ἐφη
656 3101 832 3187 γεγονέναι
846 3098 951 3168 καὶ
916 3127 978 3188 την
992 3127 1047 3168 τε·

41 3212 175 3276 κουσαν
188 3198 294 3270 αὐτόν
310 3206 358 3269 ἐτι
380 3198 464 3269 εἶναι
478 3197 554 3288 παρ’
570 3200 692 3290 εωυτηό.
733 3195 915 3285 Ἀστυάγης
937 3203 976 3267 δέ
988 3227 1047 3287 μιν

42 3301 107 3374 ούιι
124 3327 164 3370 ευ
150 3294 402 3390 βουλεύεσθαι
416 3304 481 3385 ἐφη
496 3293 800 3384 ἐπιθυμέονταές’
781 3295 929 3383 ανάγκας
943 3297 1048 3384 μεγά-

44 3409 103 3478 λας
125 3395 361 3481 ἀπικνέεσθαι,
386 3394 454 3482 άμα
475 3421 509 3463 τε
525 3395 638 3497 ,λέγων
658 3400 761 3462 ταῦτα
782 3392 937 3480 ἐσήμαινε
961 3406 1045 3461 τοίσι
