2354 3840
344 193 428 248 mss.
449 195 484 251 11.
514 193 613 252 σοι).
634 203 807 296 ιιι-151.
1009 175 1069 262 195

73 347 310 442 έστι(όι’νυδρος
319 353 383 445 γάρ
394 354 436 442 δῆ
447 360 564 437 δεινῶς
575 357 675 446 έστίῆ
684 359 859 449 ταύτη),έκ
872 371 933 433 τοῦ
942 376 1070 438 Νείλου

73 455 111 523 δέ
125 452 209 523 κατά
222 455 370 544 διόρυχα
385 461 532 547 ἐσῆκται,
551 464 608 535 καί
624 466 661 544 ,ἓξ
675 464 856 551 μὲνμῆνας
876 472 940 534 ἔσω
955 471 1023 555 ῥέει
1037 475 1069 548 ές

72 553 135 642 τῆν
148 562 285 644 λίμνην,
307 560 340 639 ἓξ
360 559 398 627 δέ
410 566 516 649 μῆνας
533 562 714 650 έξωέςτδν
727 572 855 635 Νεῖλον
875 559 977 646 αὖτις.
1013 572 1069 639 καί

74 661 177 730 ἐπεάν
190 666 253 750 μὲν
267 667 363 752 έκρέη
378 670 454 752 ἔξω,
469 665 491 754 ῆ
506 669 543 736 δέ
557 668 631 735 τότε
643 668 723 749 τοῦς
737 674 771 750 ἓξ
788 679 894 759 μῆνας
908 678 941 753 ές
950 673 990 741 τδ
1006 683 1069 761 βα-

72 762 203 850 σιλήιον
217 766 416 852 καταβάλλει
441 764 493 833 ἐπ’
514 764 643 853 ῆμόρην
667 770 808 858 ἑκάστην
827 771 990 839 τάλαντον
1007 770 1069 853 άρ-

71 871 194 950 γυρίου
205 867 241 933 ἐκ
252 871 320 932 τῶν
330 865 476 952 ἰχθύων,
492 864 593 934 ἐπεάν
608 868 645 937 δέ
660 870 730 955 έσίη
743 866 779 936 τό
794 869 886 956 ῦδωρ
904 874 937 947 ές
951 869 1067 956 αὐτήν,

73 972 178 1031 είκοσι
193 967 303 1050 μνέας.
338 962 477 1049 Ἔλεγον
501 965 537 1032 δὲ
560 972 594 1033 οί
616 967 784 1055 ἐπιχώριοι
807 972 861 1036 καί
877 966 928 1046 οἱς
954 971 987 1046 ές
1006 971 1068 1054 τῆν
1081 992 1132 1044 150

73 1059 202 1146 Σύρτιν
217 1059 279 1147 τῆν
296 1064 329 1139 ές
343 1062 474 1149 Αιβύην
489 1065 616 1130 έκδιδοῑ
633 1061 653 1150 ῆ
676 1071 775 1151 λίμνη
796 1063 881 1150 αὕτη
902 1063 968 1132 ὑπὸ
985 1072 1065 1152 γῆν,

72 1159 276 1243 τετραμμένη
289 1154 326 1226 τδ
341 1155 425 1242 πρὸς
442 1161 584 1245 ἕσπέρην
599 1162 631 1238 ές
647 1156 709 1245 τὴν
719 1161 905 1258 μεσόγαιαν
920 1160 1009 1248 παρὰ
1026 1161 1064 1228 τό

19 1297 23 1306 -
72 1251 172 1343 ούρος
185 1253 222 1323 τό
237 1251 323 1342 ὑπέρ
339 1258 503 1342 Μέμφιος.
520 1259 601 1324 ,ἐπεί
611 1283 646 1323 τε
661 1257 697 1324 δὲ
711 1265 772 1324 τοῦ
787 1256 972 1344 ὀρύγματος
985 1259 1066 1324 τοῦ·

73 1379 132 1421 του
146 1350 209 1419 οῦκ
226 1349 332 1437 όόρεον
351 1350 411 1418 τόν
423 1359 509 1437 1χοῦν
529 1350 680 1437 οὐδαμοῦ
697 1353 809 1438 ἐόντα,
831 1354 979 1438 ἐπιμελὲς
1000 1351 1065 1439 γάρ

71 1451 114 1537 ’δῆ
128 1476 185 1537 μοι
198 1442 260 1537 ῆν,
282 1450 419 1536 εἰρόμην
440 1446 518 1525 τοῦς
532 1447 668 1535 ἄγχιστα
683 1451 851 1526 οἰκέοντας
866 1456 923 1534 τῆς
937 1455 1063 1535 λίμνης,

70 1545 155 1614 ὅκου
173 1556 222 1632 εἴη
242 1543 260 1613 ὁ
275 1553 354 1631 χοῦς
373 1543 392 1612 ὁ
410 1548 609 1631 ἐξορυχθείς.
640 1551 674 1614 ολ
691 1547 727 1618 δέ
744 1546 896 1633 ἔφρασάν
912 1572 985 1632 μοι,
1007 1550 1063 1612 ἵνα

70 1643 276 1729 ἐξεφορήθη,
299 1645 353 1738 καλ
369 1640 529 1720 εύπετέως
544 1649 697 1711 ἔπειθον·
719 1644 800 1733 ῆδεα
815 1642 879 1730 γάρ
900 1644 989 1734 λόγῳ
1008 1647 1063 1710 καὶ

69 1743 106 1807 ἐν
120 1746 215 1829 Νίνῳ
235 1744 275 1826 τῆ
291 1736 473 1823 Ἀσσυρίων
489 1741 567 1807 πόλι
589 1741 772 1825 γενόμενον
787 1745 901 1824 ἕτερον
920 1746 1060 1809 τοιοῦτο.

70 1833 109 1903 ιδ
131 1833 195 1919 γάρ
210 1835 501 1921 Σαρδαναπάλλου
524 1842 585 1902 τοῦ
611 1843 716 1904 Νίνου
740 1841 891 1922 βασιλέος
914 1835 1061 1922 χρήματα

68 1936 166 2002 ἐόντα
189 1932 315 2018 μεγάλα
337 1935 652 2020 καί·φυλασσόμενα
675 1936 712 2001 έν
734 1944 935 2019 θησαυροῖσι
959 1960 1061 2000 κατα-

66 2037 191 2117 γαίοισι
212 2029 396 2116 ἐπενόησαν
418 2038 546 2108 κλῶπες
571 2037 753 2117 ἐκφορῆσαι
796 2033 832 2102 ἐκ
856 2027 896 2115 δῆ
919 2023 1060 2103 1όντων

66 2127 238 2212 σφετέρων
259 2132 373 2193 οἰκίων
395 2125 574 2214 ἀρξάμενοι
592 2132 626 2212 οί
642 2133 769 2204 κλῶπες
784 2122 855 2197 ,ὑπό
876 2132 940 2212 γῆν
952 2136 1059 2199 ,σταθ-

66 2222 224 2307 μεόμενοι
245 2225 279 2299 ές
299 2220 342 2288 ’τά
365 2223 520 2309 βασιλήια
544 2229 631 2292 οίκία
652 2223 821 2309 ὤρυσσον,
848 2221 907 2290 τόν
927 2226 963 2291 δέ
975 2232 1058 2309 χοῦν

65 2315 126 2385 τόν
140 2317 385 2404 ἐκφορεόμενον
399 2322 435 2384 έκ
449 2325 509 2384 τοῦ
526 2317 721 2407 ὀρύγματος,
740 2317 826 2397 ὅκως
843 2324 966 2406 γίνοιτο
984 2320 1057 2407 νύξ,

65 2416 99 2492 ές
113 2409 173 2479 τόν
191 2419 309 2501 Τίγριν
323 2413 473 2500 ποταμόν
492 2418 722 2502 παραρρέοντα
742 2412 804 2500 τῆν
817 2422 926 2486 Νίνον
941 2416 1057 2501 ἐξεφό-

66 2533 162 2596 ρεον,
184 2511 218 2587 ές
239 2505 259 2575 δ
278 2509 522 2596 κατεργάσαντο
543 2510 609 2583 ὅτι
623 2512 810 2597 ἐβούλοντο.
827 2512 977 2576 τοιοῦτον
987 2514 1057 2577 ἕτε-

65 2631 128 2690 ρον
139 2602 674 2699 ῆκονσακατοίτότῆςένΑίγύπτμ
688 2614 804 2694 λίμνης
818 2605 948 2692 ὄρυγμα
961 2611 1056 2692 γενέ-

64 2715 163 2788 σθαι,
181 2700 269 2789 πλῆν
289 2701 331 2771 ού
350 2703 487 2790 νυκτός,
505 2702 588 2773 ἄλλά
604 2704 675 2791 μετ’
692 2703 819 2792 ἡμέρην
838 2705 1055 2789 ποιεύμενον·

64 2799 269 2883 ὀρύσσοντας
285 2796 349 2884 γάρ
365 2797 425 2865 τόν
446 2806 529 2883 χοῦν
542 2798 622 2878 τοῦς
635 2806 838 2886 Αίγυπτίους
852 2806 885 2879 ἐς
900 2798 961 2867 τόν
973 2809 1056 2868 Νεῖ-

63 2904 125 2963 λον
140 2896 291 2981 φορέειν,
313 2893 331 2962 ὁ
347 2896 383 2962 δέ
397 2894 645 2983 ὑπολαμβάνων
660 2904 772 2983 ἔμελλε
786 2902 936 2983 διαχέειν.
957 2894 978 2983 ῆ
994 2901 1056 2981 μέν

62 3018 129 3059 νυν
142 2996 241 3077 λίμνη
258 2990 342 3079 αὕτη
356 2992 444 3060 οὕτω
460 2995 587 3078 λέγεται
604 2992 798 3079 ὀρυχθῆναι.

150 3094 226 3154 Τῶν
243 3087 279 3154 δὲ
295 3086 446 3155 δυόδεκα
459 3091 623 3174 βασιλέων
643 3087 838 3176 δικαιοσύνη
858 3091 1055 3177 χρεομένων,
1072 3109 1119 3163 151

62 3181 127 3252 άνά
153 3182 276 3267 χρόνον
300 3182 343 3262 ὥς
365 3191 493 3252 ἔθυσαν
513 3189 550 3252 έν
571 3192 616 3274 τῷ
635 3190 696 3275 ίρῷ
715 3191 776 3251 τοῦ
791 3182 990 3271 Ἡφαίστου,
1014 3195 1054 3274 τῆ

62 3280 182 3369 ὑστάτη
206 3288 264 3370 τῆς
285 3277 382 3371 ὁρτῆς
401 3284 590 3370 μελλόντων
609 3294 842 3356 κατασπείσειν
861 3283 879 3357 ὁ
901 3286 1055 3379 άρχιρεῦς

61 3384 209 3471 έξῆνεικέ
220 3402 280 3464 σφι
298 3383 418 3468 φιάλας
436 3389 592 3474 χρυσέας,
614 3393 753 3477 τῆσίπερ
786 3388 937 3459 έύθεσαν
951 3392 1053 3458 σπέν-

846 3491 900 3546 1³*
1029 3448 1124 3608 f
