2354 3840
114 227 155 291 16
489 220 742 280 HERODOTI

113 396 182 455 λων
193 385 255 467 μὲν
265 379 306 469 δὴ
319 377 531 464 εὐδαιμονίης
543 384 717 469 δευτερὴια
730 387 826 469 ἔνεμε
837 383 998 465 τούτοισι,
1012 387 1115 467 Κρολ·

110 503 171 558 σος
187 477 223 546 δέ
237 479 414 565 σπερχθεὶς
431 473 517 555 είπε·
546 471 585 544 Ὦ
603 480 689 557 ξεῖνε
702 477 870 600 Ἀθηναῖε,
885 477 906 569 ἡ
924 480 961 549 δέ
975 476 1116 566 ἡμετέρη

114 575 362 662 εὐδαιμονίη”
319 601 408 642 ουτω
418 601 469 642 τοι
485 573 684 665 ἀπέρριπται
699 581 732 657 ές
746 605 783 646 το
773 577 968 667 Μ’μηδὲν,
940 600 1024 648 ωστε
1038 575 1115 646 οὐδδ

113 680 273 749 ίδιωτέων
293 673 429 757 ἀνδρῶν
451 673 603 757 άξίουςε
586 681 689 764 ημέας
710 683 882 766 έποίησας;
909 679 946 748 ‘0
969 675 1060 747 δέ
1029 701 1114 744 ειπε

108 764 148 843 Ὦ
163 782 305 859 Κροῖσε,
326 772 548 860 ἐπιστάμενόν
565 773 656 862 μετὰ
672 786 771 844 θεῖον
784 784 854 844 πᾶν
868 775 926 845 ἐὸν
940 775 1115 862 φθονερόν

112 898 147 940 τε
168 873 224 940 καί
245 875 435 989 ταραχῶδες
455 875 636 962 ἐπειρωτᾷς
657 870 887 962 ἀνθρωπηίων
912 873 1115 961 πρηγμάτων

112 972 197 1052 πέρι.
243 970 281 1035 έν
303 967 368 1052 γάρ
389 975 435 1059 τῷ
455 977 572 1060 μακρῷ
592 970 704 1061 χρόνῳ
725 969 832 1039 πολλοὶ
853 966 915 1057 μέυ
930 972 998 1038 ἔστι
1019 975 1115 1055 ἰδεῖν,

113 1065 152 1135 τά
174 1066 219 1153 μή
234 1092 284 1145 τις
296 1069 422 1153 ἐθέλει,
446 1067 554 1136 πολλά
576 1069 613 1137 δέ
633 1071 689 1138 καί
709 1079 842 1137 παθεῖν.
876 1071 909 1147 ἐς
933 1066 997 1152 γὰρ
1018 1071 1116 1155 ἑβδο-

113 1166 263 1253 μήκοντα
277 1171 351 1232 έτεα
365 1157 471 1252 οὐρον
485 1173 542 1252 τῆς
560 1166 635 1254 ζόης
651 1164 823 1256 άνθροόπῳ
838 1171 1029 1251 προτίθημι.
1053 1157 1116 1231 οὗ-

113 1290 164 1330 τοι
191 1261 301 1340 ἐόντες
332 1265 478 1332 ἐνιαυτοί
502 1265 730 1352 ἑβδομήκοντα
757 1265 960 1349 ’παρέχονται
994 1259 1116 1350 ἡμέρας

114 1368 282 1449 διηκοσίας
299 1366 353 1430 καί
367 1371 632 1450 πεντακισχιλίας
648 1366 704 1432 καί
718 1368 909 1451 δισμυρίας,
934 1365 1117 1449 ἐμβολίμου

113 1459 218 1548 μηνός
239 1458 284 1546 μὴ
305 1463 503 1546 γινομένου·
535 1468 567 1529 εί
586 1460 623 1529 δέ
639 1459 679 1548 δὴ
701 1460 855 1547 ἐθελήσει
871 1456 1031 1546 τούτερον
1048 1465 1116 1526 τῶν

114 1562 213 1627 έτέων
227 1560 306 1643 μηνὶ
322 1558 531 1644 μακρότερον
544 1565 717 1644 γίνεσθαι,
740 1560 797 1623 ίνα
818 1553 859 1642 δὴ
881 1560 917 1624 αί
931 1548 1015 1642 ὧραι
1028 1580 1117 1644 συμ·

113 1663 254 1746 βαίνωσι
270 1656 537 1743 παραγινόμεναι
554 1657 587 1733 ές
603 1652 640 1721 τό
657 1655 750 1740 δέον,
773 1660 875 1740 μῆνες
890 1652 952 1740 μέν
969 1653 1060 1737 παρά
1075 1652 1115 1722 τά

114 1755 341 1844 ἑβδομήκοντα
378 1761 451 1823 ἔτεα
482 1759 517 1823 οί
544 1753 718 1840 ἐμβόλιμοι
751 1758 901 1839 γίνονται
937 1751 1115 1840 τριήκοντα

112 1856 227 1935 πέντε,
251 1849 371 1940 ἡμέραι
395 1850 431 1920 δέ
452 1855 489 1919 ἐκ
510 1857 578 1917 τῶν
598 1857 715 1937 μηνῶν
731 1850 863 1917 τούτων
878 1854 980 1934 χίλιαι
993 1849 1116 1937 πεντή-

113 1977 224 2020 κοντα.
255 1949 385 2018 τούτων
406 1954 474 2015 τῶν
489 1944 646 2014 ἁπασέων
661 1942 811 2033 ἡμερέων
831 1954 900 2015 τῶν
914 1949 947 2026 ές
960 1945 1000 2013 τά
1019 1949 1116 2034 έβδο·

113 2052 262 2140 μήκοντα
283 2055 371 2133 ἔτεα,
395 2049 540 2116 ἐουσέων
563 2046 770 2134 πεντήκοντα
790 2049 845 2114 καί
865 2050 1046 2133 διηκοσίων
1062 2049 1116 2114 καί

113 2152 341 2233 ἑξακισχιλίων
356 2147 411 2212 καί
428 2140 671 2230 δισμυρίωυ,’
654 2171 675 2230 η
700 2146 792 2230 ετέρη
817 2141 946 2213 αὐτέων
969 2171 1008 2233 τη
1023 2146 1116 2231 ἑτέρη

112 2244 219 2364 ἡμέρη
242 2241 280 2312 τό
307 2243 467 2330 παράπαν
494 2238 595 2308 οὐδέν
629 2238 748 2326 ὁμοῖον
780 2242 943 2355 προσάγει
968 2247 1113 2328 πρῆγμα.

114 2342 203 2411 οὕτω
232 2368 297 2426 ων,
327 2333 354 2409 ά
381 2347 522 2423 Κροῖσε,
550 2345 619 2404 πᾶν
646 2339 713 2405 ἐστὶ
737 2318 919 2423 ἅνθρωπος
945 2337 1113 2426 συμφορή.

114 2444 185 2529 έμοί
202 2440 237 2509 δέ
253 2439 296 2508 σύ
314 2442 369 2508 καί
383 2439 557 2507 πλουτέειν
572 2439 655 2523 μέγα
670 2445 806 2522 φαίνεαι
827 2441 882 2506 καί
896 2435 1098 2525 βασιλεὺς
1069 2463 1116 2504 ει-

113 2570 170 2610 υαι
187 2545 322 2609 πολλων
338 2534 550 2621 ἀνθρώπων·
582 2538 689 2604 έκεῖνο
707 2534 815 2623 δὲ,
780 2562 818 2605 το
834 2536 923 2625 είρεό
937 2563 995 2621 με,
1009 2535 1052 2602 οὐ
1067 2535 1116 2602 κά

114 2660 152 2708 σε
166 2636 230 2724 έγώ
245 2638 348 2722 λέγω,
369 2637 450 2719 πρίν
470 2631 514 2702 άν
535 2635 779 2721 τελευτήσαντα
801 2642 910 2714 καλῶς
933 2633 993 2702 τόυ
1010 2640 1115 2702 αίωυα

114 2736 284 2820 πόθωμαι.
322 2730 363 2823 οὐ
377 2732 442 2818 γάρ
460 2757 511 2800 τοι
527 2757 545 2800 ο
532 2729 643 2817 ’μέγα
660 2732 820 2810 πλούσιος
839 2739 969 2818 μᾶλλον
985 2759 1046 2800 του
1032 2729 1114 2798 ἐπ’
1152 2810 1154 2815 A

115 2832 241 2923 ἡμέρην
257 2837 388 2918 ἔχοντος
403 2828 633 2917 όλβιότερόω
616 2849 726 2915 εστι,ε
728 2836 808 2916 ίμη
787 2829 893 2897 ”οί
852 2857 933 2916 τυχη
946 2833 1116 2898 έπισποιτο
1152 2822 1154 2829 ’

116 2931 185 3000 πάι
186 2958 225 2999 τα
243 2929 363 2998 καλά’
345 2957 461 3016 εχοντα
473 2935 667 3013 τελευτῆσαι
683 2921 723 2995 εὐ
737 2926 798 2996 τόν
812 2934 897 3015 βίον.
923 2929 1039 2995 πολλοὶ
1054 2927 1117 3012 μέν

114 3026 180 3155 γάρ
196 3027 375 3108 ζάπλουτοι
391 3024 586 3114 άνθροόπων
600 3023 758 3111 άνόλβιοί
770 3050 785 3091 ε
786 3029 850 3109 ίσι,
871 3025 989 3092 πολλοί
1006 3023 1043 3091 δὲ
1056 3051 1117 3110 με·

115 3133 214 3210 τρίως
229 3131 358 3211 ἔχοντες
378 3133 456 3213 βίου
474 3124 634 3211 εὐτυχέες.
672 3123 770 3210 ὁμέν
784 3120 825 3210 δὴ
843 3124 927 3209 μέγα
944 3122 1115 3207 πλούσιος,

115 3222 318 3311 άυόλβιοςδὲ
338 3227 447 3292 δυοῖσι
470 3227 602 3309 προέχει
624 3229 684 3291 τοῦ
702 3221 858 3310 εὐτυχέος
874 3222 1018 3310 μούνου,
1055 3213 1117 3288 οὐ·

114 3350 169 3402 τος
185 3322 221 3391 δέ
236 3327 297 3390 τοῦ
312 3329 476 3391 πλουσίου
490 3327 545 3392 καὶ
561 3320 722 3409 άυολβίου
738 3328 907 3390 πολλοῖσι·
932 3316 949 3386 ὁ
965 3317 1027 3404 μὲν
1044 3321 1109 3386 έπι-

115 3427 243 3508 θυμίην
257 3422 421 3488 ἐκτελέσαι
432 3425 486 3490 καί
498 3421 580 3508 άτην
596 3420 745 3508 μεγάλην
760 3421 1017 3504 προσπεσοῦσαν
1031 3419 1110 3485 ἐνεῖ-
