2354 3840
90 144 113 208 ε
467 152 717 231 annonam

92 303 238 394 ἀνέθηκε
254 304 453 398 ἀναθήματα
470 306 551 397 μετά
567 315 684 398 Μίδην
696 307 757 380 τόν
766 315 926 399 Γορδίεω,
943 317 1091 398 Φρυγίης

91 408 237 492 βασιλέα.
260 404 408 493 ἀνέθηκε
424 406 488 496 γάρ
505 404 545 495 δή
558 411 612 477 καὶ
623 407 780 496 δης
746 436 808 479 τον
818 409 994 498 βασιλήιον
1004 410 1091 495 θρο

92 528 170 588 νον,
203 508 236 584 ές
263 504 324 572 τόν
349 513 554 630 προκατίζων
579 502 721 595 ἐδίκαζε,
753 509 851 578 ἐόντα
876 506 1089 595 ἀξιοθηητον

92 605 199 671 κέεται
220 601 292 671 δέ
278 600 439 692 οθρόνος
454 598 552 686 οὗτος
569 612 721 692 ἔνθαπερ
750 612 784 676 οἱ
798 635 859 677 τον
844 610 991 695 Ρύγιω
1008 633 1091 694 κρη-

91 706 195 788 τήρες
227 699 244 769 6
264 701 299 769 δὲ
319 700 442 788 χρυσός
457 696 555 784 οὗτος
572 710 626 774 καὶ
644 703 662 775 ὁ
681 704 844 796 ἀργυρος,
868 706 932 776 τόν
946 735 964 774 ο
953 704 1089 793 Τύγης

91 795 255 884 ἀνέθηκε,
278 796 344 867 ὑπὸ
362 808 512 890 Δελφῶν
525 808 677 873 καλέεται
690 807 847 893 Γυγάδας
864 808 915 874 ἐπὶ
932 813 993 873 τοῦ
1008 803 1082 873 ἀνα·

90 896 251 974 θέντος’
234 905 387 983 επωνυμί
385 926 436 985 ην
470 903 605 989 ἐσέβαλε
622 907 685 989 μέν
704 929 770 972 νυν
784 903 943 993 στρατιήν
960 907 1067 973 καὶ
1030 897 1088 971 ού-

90 1021 161 1083 τος,
187 997 295 1065 ἐπείτε
320 989 416 1121 ήρξε,
439 1005 472 1078 ές
492 1025 528 1069 τε
541 1008 698 1089 Μίλητον
712 1030 764 1071 και
756 1004 814 1083 ἐς
830 1004 1014 1128 Σμύρνην,
1036 1005 1090 1069 καὶ

90 1103 295 1220 Κολοφῶνος
315 1097 352 1165 τό
376 1096 460 1168 ἀστν
481 1092 555 1170 εἷλε.
585 1099 654 1172 ἀλλ’
678 1099 757 1170 ούδέ
757 1127 779 1168 ν
798 1099 863 1188 γάρ
886 1105 970 1188 μέγα
991 1106 1092 1188 ἔργον

90 1193 142 1264 ἀπ’
156 1193 261 1265 αάτου
246 1195 351 1267 ἀλλο
363 1200 493 1285 ἐγένετο
504 1202 765 1288 βασιλεύσαντος
780 1204 872 1267 δυῶν
884 1203 1001 1268 δέοντα
1016 1218 1090 1265 τεσ·

91 1295 275 1384 σεράκοντα
297 1304 388 1386 ἔτεα,
409 1306 532 1368 τοῦτον
553 1301 615 1386 μὲν
635 1299 832 1386 παρήσομεν
853 1305 997 1365 τοσαῦτα
1019 1299 1093 1363 ἐπι-

54 1414 78 1466 ιο
90 1400 303 1483 μνησθέντες.
326 1396 470 1487 ’Ἁρδυος
492 1401 528 1469 δὲ
549 1408 610 1469 τοῦ
624 1401 742 1486 Γύγεω
764 1397 848 1486 μετά
861 1399 980 1486 Γύγην
994 1407 1090 1486 βασι-

90 1497 271 1576 λεύσαντος
296 1497 433 1586 μνήμην
460 1500 649 1586 ποιήσομαι.
688 1491 788 1577 οὗτος
809 1501 845 1566 δὲ
865 1499 1032 1586 Πριηνέας
1056 1519 1092 1561 τε

90 1594 156 1667 εἷλε
171 1601 204 1678 ἐς
220 1601 376 1686 Μίλητόν
389 1627 426 1669 τε
440 1603 591 1687 ἐσέβαλε,
607 1601 659 1666 ἐπὶ
672 1599 796 1665 τούτου
812 1623 847 1666 τε
861 1595 1092 1685 τυραννεύον-

88 1720 144 1775 τος
164 1701 324 1785 Σαρδίων
344 1701 522 1786 Κιμμέριοι
548 1691 581 1777 ἐξ
603 1695 718 1784 ήθέων
745 1694 811 1764 ὑπὸ
835 1699 1004 1766 Σκυθέων
1023 1699 1093 1760 τῶν

87 1794 247 1881 νομάδων
262 1797 498 1878 ἐξαναστάντες
513 1794 673 1865 ἀπίκοντο
688 1791 722 1874 ἐς
735 1793 797 1882 τὴν
807 1794 920 1882 Ἀσίην
932 1798 983 1863 καὶ
997 1793 1091 1877 Σύρ-

88 1896 139 1972 δις
156 1892 244 1982 πλὴν
256 1901 314 1982 τῆς
330 1893 531 1983 ἀκροπόλιος
546 1887 645 1963 εἷλον.

54 2003 78 2057 ιθ
164 1991 307 2080 ’Ἄρδυος
328 1998 365 2062 δὲ
379 1995 639 2082 βασιλεύσαντος
662 1992 737 2074 ἑνός
752 1997 869 2062 δέοντα
884 1993 1091 2082 πεντήκοντα

88 2093 162 2158 ἔτεα
187 2093 353 2172 ἐξεδέξατο
374 2090 574 2178 Σαδυάττης
597 2088 616 2159 6
636 2090 798 2180 Ἄρδυος,
821 2097 876 2161 καί
897 2095 1092 2181 ἐβασίλευσε

88 2194 162 2257 ἐτεα
179 2189 350 2276 δνῶδεκα,
365 2189 570 2257 Σαδυάττεω
585 2186 621 2257 δέ
632 2186 820 2277 ’Λλυάττης
851 2181 951 2270 οὗτος
967 2192 1003 2258 δέ
1017 2198 1093 2258 Κυ-

89 2287 194 2376 αξάρη
209 2312 244 2354 τε
260 2294 307 2378 τῶ
321 2287 478 2373 Δηιόκεω
493 2284 651 2380 ἀπογόνφ
665 2291 847 2377 ἐπολέμησε
863 2292 919 2358 καί
930 2290 1093 2377 Μήδοισι,

88 2391 295 2473 Κιμμερίους
308 2409 345 2452 τε
362 2386 399 2452 έν
413 2393 472 2472 τῆς
484 2384 593 2472 Ἀσίης
608 2388 764 2475 ἐξήλασε,
784 2387 953 2476 Σμύρνην
973 2412 1008 2454 τε
1029 2384 1094 2471 τήν

88 2480 154 2552 ἀπό
166 2488 374 2568 Κολοφῶνος
388 2494 584 2553 κτισθεῖσαν
599 2481 682 2573 είλε,
699 2488 733 2565 ἐς
743 2487 958 2573 Κλαζομενάς
972 2511 1008 2553 τε
1019 2488 1095 2553 ἐσέ

86 2592 177 2673 βαλε.
208 2578 274 2651 ἀτδ
295 2584 359 2668 μέν
372 2608 439 2650 νυν
454 2585 585 2652 τούτων
605 2582 685 2672 οὐκ,
708 2582 753 2664 ῶς
771 2582 892 2672 ἤθελε,
913 2582 1093 2672 ἀπήλλαξε,

87 2681 171 2753 ἀλλά
192 2685 419 2768 προσπταίσας
439 2683 600 2769 μεγάλως.
640 2680 724 2750 ἀλλα
749 2683 787 2750 δέ
808 2688 889 2770 ἐργα
911 2679 1092 2760 ἀπεδέξατο

60 2795 75 2851 7
88 2788 153 2853 ἐων
167 2784 206 2849 ἐν
218 2787 259 2868 τῇ
273 2776 358 2869 ἀργῇ
379 2777 667 2868 ἀξιαπηγητότατα
689 2782 778 2849 τῶδε.
805 2779 1005 2869 Ἐτολέμησε
1021 2789 1094 2848 Μι-

88 2886 249 2970 λησίοισι,
266 2879 537 2966 παραδεξάμενος
546 2876 608 2947 τόν
618 2881 768 2965 πόλεμον
782 2877 874 2966 παρὰ
884 2886 946 2947 τοῦ
956 2878 1093 2964 πατρός.

88 2979 285 3051 ἐπελαύνων
299 2975 365 3064 γάρ
382 2977 575 3064 ἐπολιόρκεε
591 2975 655 3064 τὴν
664 2984 819 3064 Μίλητον
833 2976 947 3067 τρότφ
957 2979 1093 3066 τοιῷδε·

87 3081 176 3161 ὅπως
198 3083 262 3167 μέν
281 3087 334 3165 εἴη
356 3080 395 3146 έν
413 3085 455 3167 τῇ
476 3085 520 3168 γῇ
534 3075 663 3164 καρπός
676 3073 797 3165 ἀδρδς,
816 3082 999 3162 τηνικαῦτα
1019 3076 1094 3142 ἐσέ-

87 3187 190 3267 βαλλε
211 3175 274 3266 τήν
293 3177 469 3265 στρατιήν·
502 3176 717 3261 ἐστρατεύετο
738 3174 775 3242 δὲ
788 3170 856 3241 ὑπὸ
871 3180 1043 3260 συρίγγων
1057 3199 1094 3240 τε

85 3277 144 3345 καὶ
163 3280 335 3365 πηκτίδων
354 3279 410 3345 καὶ
430 3271 539 3344 αύλοῦ
559 3278 763 3360 γυναικηίου
782 3297 819 3339 τε
838 3271 893 3338 καὶ
915 3267 1091 3355 ἀνδρηίου.

98 3367 133 3454 63
154 3378 192 3443 δέ
213 3376 246 3454 ἐς
264 3383 328 3462 τήν
344 3379 516 3460 Μιλησίην
529 3368 701 3459 ἀπίκοιτο,
721 3369 886 3458 οίιιήμντα
906 3371 969 3455 μὲν
982 3365 1023 3436 τά
1039 3370 1092 3436 ἐπὶ
