2354 3840
137 205 199 270 376
526 211 776 269 flssssonon

74 384 123 439 1911
137 388 222 434 τασι.
273 365 447 436 Θάπτουσι
472 370 508 435 δὲ
532 367 612 448 τοῦς
636 367 916 456 ἀποθνήσκοντας
940 376 976 438 οί
1000 372 1136 457 νομάδες

139 465 286 554 κατάπερ
312 472 348 535 οἱ
356 464 523 551 Ἕλληνες,
535 465 624 551 πλὴν
635 469 875 554 Νασαμώνων·
896 462 992 536 οὗτοι
1009 470 1049 536 δὲ
1064 496 1136 535 τιατ-

139 570 282 655 ημένους
296 566 482 654 θάπτουσι,
505 568 750 654 φυλάσσοντες,
774 567 878 636 έαεάν
894 566 976 657 ἀιίη
997 568 1062 655 τήν
1077 583 1138 649 φυ-

138 668 218 756 χήν,
250 667 337 746 ὅκως
366 694 425 754 μιν
453 674 626 735 κατίσουσι
652 667 737 754 μηδὲ
761 667 881 747 ῦπτιος
905 666 1137 736 ἀποθανέεται.

140 764 301 852 οἰκήματα
321 766 357 833 δὲ
378 764 555 850 σύμπηκτα
580 766 613 844 έξ
635 762 828 851 ἀνθερίκων
852 768 1044 852 ένερμένων
1069 767 1139 852 περὶ

139 872 293 950 σχοίνους
307 866 391 948 ἐστὶ,
413 866 585 931 καὶταῦτα
599 864 818 950 περιφορητά.
846 863 981 950 νόμοισι
994 861 1060 950 μὲν
1074 888 1139 929 τοι·

139 963 268 1032 ούτοισι
283 956 377 1032 οὗτοι
392 964 555 1050 χρίονται.

74 1077 118 1132 191
226 1060 272 1128 Τὸ
285 1065 321 1129 δὲ
335 1061 420 1146 πρός
434 1065 574 1148 ἑσπέρης
584 1070 645 1129 τοῦ
659 1069 826 1148 Τρίτωνος
836 1069 990 1148 ποταμοῦ
1000 1059 1140 1128 Αύσέων

141 1166 270 1246 ἔχονται
285 1156 445 1246 ἀροτῆρες
464 1159 528 1246 ἤδη
544 1167 667 1248 Λίβυες
687 1163 743 1228 καλ
757 1167 862 1239 οίκίας
870 1164 1141 1246 νομιζοντεςκεκ-

140 1266 280 1344 τῆσθαι,
301 1272 386 1325 τοῖσι
402 1257 531 1343 οὕνομα
546 1261 654 1325 κέεται
669 1259 855 1345 Μάξυες,
877 1265 912 1326 οἳ
928 1255 969 1324 τά
981 1259 1040 1329 ἐπὶ
1054 1251 1140 1335 δεξιά

139 1363 207 1423 τῶν
223 1361 397 1443 κεφαλέων
415 1357 590 1442 κομέουσι,
611 1382 652 1422 τα
673 1353 705 1423 δ’
728 1354 781 1423 ἐπ’
803 1353 961 1443 ἀριστερά
981 1361 1139 1442 κείρουσι,

138 1452 176 1522 τό
193 1456 230 1523 δὲ
245 1462 339 1541 σῶμα
356 1463 459 1547 μίλτφ
472 1461 632 1541 χρίονται.
659 1457 742 1540 φασὶ
759 1454 796 1522 δὲ
810 1446 905 1520 οῦτοι
921 1450 1092 1519 εἶναιτῶν
1107 1452 1139 1514 έι

141 1559 263 1638 Τροίης
272 1550 422 1638 ἀνδρῶν.
445 1548 466 1638 ἡ
482 1552 519 1618 δὲ
532 1551 625 1637 χώρη
639 1549 725 1637 αῦτη
739 1577 775 1618 τε
788 1546 878 1635 καὶὴ
893 1546 994 1632 λοιπή
1011 1572 1069 1632 τις
1083 1553 1139 1612 Λι-

137 1650 222 1738 βύης
237 1648 257 1737 ἡ
273 1648 357 1737 πρός
371 1651 514 1735 ἑσπέρην
527 1656 641 1735 πολλῷ
654 1647 904 1733 θηριωδεστέρη
918 1670 954 1711 τε
965 1645 1021 1710 καλ
1038 1647 1138 1709 δασυ·

137 1751 214 1831 τέρη
230 1747 298 1811 ἐστὶ
311 1751 368 1829 τῆς
381 1751 450 1809 τών
465 1742 624 1827 νομάδων
637 1742 755 1828 χώρης.
789 1740 889 1829 ἡμὶν
908 1741 974 1827 γάρ
996 1737 1038 1826 δή
1060 1738 1138 1824 πρὸς

138 1839 201 1927 τήν
221 1837 271 1926 ήώ
292 1845 350 1924 τῆς
364 1839 509 1926 Λιβύης,
530 1838 594 1925 τήν
608 1846 643 1907 οί
660 1840 804 1926 νομάδες
824 1841 980 1925 νέμουσι,
1002 1841 1073 1906 ἐστὶ
1085 1865 1136 1903 τα·

139 1936 238 2025 πεινή
253 1964 288 2005 τε
309 1941 364 2004 καί
384 1936 569 2024 ψαμμώδης
589 1941 684 2024 μέχρι
704 1946 766 2005 τοῦ
790 1943 957 2025 Τρίτωνος
976 1941 1137 2020 ποταμοῦ,

138 2036 160 2124 ἡ
183 2039 220 2106 δὲ
246 2035 311 2104 ἀπὸ
333 2036 456 2104 τούτου
481 2033 518 2103 τὸ
543 2034 627 2123 πρὸς
648 2039 804 2123 ἑσπέρης,
824 2032 845 2122 ἡ
866 2041 935 2102 τῶν
954 2032 1139 2120 ἀροτήρων,

139 2137 256 2225 ὀρεινή
276 2163 312 2204 τε
337 2138 442 2221 κάρτα
467 2141 522 2204 καὶ
543 2140 644 2205 δασέα
664 2139 720 2204 καί
733 2136 913 2222 θηριώδης.
948 2131 1091 2219 καὶγὰρ
1112 2135 1141 2198 οἱ

139 2233 235 2320 ὄφιες
249 2237 283 2300 οί
295 2231 546 2319 ὑπερμεγάθεες
561 2238 617 2299 καὶ
632 2241 666 2299 οί
677 2239 809 2310 λέοντες
823 2232 907 2301 κατά
922 2231 1067 2310 τούτους
1082 2232 1140 2298 εἰσὶ

140 2339 195 2404 καί
211 2339 245 2402 οἱ
257 2333 433 2419 ἐλέφαντές
451 2334 556 2399 τεκαὶ
576 2329 692 2414 ἀρκτοι
712 2332 767 2396 καὶ
782 2325 918 2405 ἀσπίδες
939 2353 976 2392 τε
990 2332 1049 2392 καὶ
1070 2326 1141 2395 ὄνοι

140 2442 175 2505 οί
187 2432 227 2503 τά
242 2437 339 2520 κέρεα
355 2439 484 2519 ἔχοντες
498 2436 553 2501 καὶ
573 2438 608 2501 οί
618 2435 843 2518 κυνοκέφαλοι
864 2432 919 2496 καὶ
933 2432 968 2495 οἱ
979 2424 1142 2513 ἀκέφαλοι

142 2541 177 2602 οί
189 2537 227 2602 ἐν
239 2547 324 2601 τοῖσι
341 2533 480 2620 στήθεσι
495 2529 575 2610 τοῦς
589 2527 790 2618 ὀφθαλμούς
804 2535 949 2615 ἔχοντες,
973 2523 1018 2604 ὦς
1033 2523 1075 2611 δή
1091 2526 1143 2592 λέ-

140 2637 261 2718 γονταί
270 2656 308 2716 γε
324 2627 390 2697 ῦπό
406 2630 561 2717 Λιβύων,
577 2633 631 2698 καὶ
647 2634 681 2697 οί
692 2627 805 2714 ἄγριοι
819 2625 940 2711 ἄνδρες
952 2628 1008 2692 καὶ
1022 2637 1142 2710 γυναί-

142 2757 197 2809 κες
212 2728 325 2815 ἄγριαι
342 2730 397 2795 καὶ
410 2726 495 2796 ἄλλα
509 2729 634 2815 πλήθεϊ
647 2723 754 2795 πολλὰ
771 2732 876 2811 θηρία
897 2721 1140 2810 ἀκατάψευστα.

76 2842 125 2897 191
142 2826 236 2897 Κατὰ
256 2824 335 2906 τοῦς
356 2826 504 2912 νομάδας
525 2831 564 2895 δέ
582 2828 650 2893 ἐστι
670 2823 800 2892 τούτων
821 2819 939 2906 οῦδὲν,
960 2816 1036 2887 ἀλλ’
1060 2817 1141 2892 ἄλλα

140 2928 269 3013 τοιάδε,
292 2927 459 3014 πύγαργοι
472 2928 527 2994 καὶ
542 2925 698 3013 ζορκάδες
717 2925 773 2990 καὶ
787 2920 966 3009 βουβάλιες
980 2919 1037 2986 καὶ
1058 2914 1141 3000 ὄνοι,

141 3027 204 3096 οῦκ
219 3033 253 3096 οί
264 3027 304 3095 τά
319 3031 417 3115 κέρεα
433 3034 577 3115 ἔχοντες,
601 3025 678 3096 ἀλλ’
701 3023 796 3094 ἄλλοι
810 3022 928 3091 ὄποτοι
943 3018 1001 3111 (ού
1016 3018 1084 3107 γάρ
1103 3017 1139 3103 δή

140 3135 309 3214 πίνουσι),
329 3131 384 3197 καὶ
399 3126 514 3215 ὄρυες,
537 3135 605 3196 τών
620 3126 659 3195 τά
674 3130 772 3211 κέρεα
786 3139 872 3192 τοῖσι
886 3124 1012 3209 φοίνιξι
1029 3125 1065 3188 οί
1078 3118 1140 3207 πή·
1176 3139 1177 3152 ³

141 3251 213 3311 χεες
229 3233 402 3294 ποιεῦνται
419 3231 582 3313 (μέγαθος
600 3231 636 3294 δὲ
650 3223 687 3293 τῦ
704 3229 828 3311 θηρίον
842 3228 941 3289 τοῦτο
956 3216 1040 3287 κατὰ
1055 3225 1140 3306 βοῦν

141 3325 241 3409 έστί),
263 3326 318 3392 καὶ
337 3324 503 3412 βασσάρια
518 3327 573 3393 καὶ
594 3323 709 3392 ύαιναι
731 3323 786 3389 καὶ
804 3317 955 3406 ὕστριχες
977 3318 1033 3384 καὶ
1054 3318 1140 3403 κριοὶ

141 3417 252 3507 ἀγριοι
266 3421 320 3488 καὶ
335 3424 465 3501 δίκτυες
485 3424 540 3490 καὶ
559 3429 649 3500 θῶες
669 3423 723 3488 καὶ
745 3417 920 3503 πάνθηρες
939 3414 994 3480 καὶ
1008 3411 1141 3499 βόρυες,
