2354 3840
341 121 425 177 ιιε.
458 122 479 177 1.
512 120 610 178 σεε.
643 127 783 183 ιε-ιε.
1025 107 1067 173 σν

59 283 98 348 ἐν
119 291 208 345 τοῖσι
227 273 337 348 ὀπίσω
356 280 487 366 λόγοισι
507 281 670 364 σημανέω.
706 278 747 345 τά
764 286 908 365 Κροῖσος
928 284 1062 364 ἐπιμεμ

61 380 213 461 φάμενος
226 385 273 469 τῷ
287 377 391 466 Κύρῳ
406 382 439 455 ἐς
452 401 488 444 τε
504 374 544 443 τά
561 376 741 463 χρηστήρια
757 383 898 465 ἔπεμπε,
921 380 951 443 εί
965 393 1067 460 στρα-

61 476 200 565 τεύηται
220 477 273 545 ἐπὶ
291 477 441 562 Πέρσας,
468 476 524 545 καὶ
545 471 586 560 δή
608 477 664 543 καί
684 472 890 561 ἀπικομένου
916 478 1066 561 χρησμοῦ

62 574 246 662 κιβδήλου,
275 575 410 651 ἐλπίσας
437 568 521 659 πρός
553 575 680 641 ἑωυτοῦ
708 569 768 641 τόν
794 569 944 660 χρησμόν
970 569 1066 656 εἶναι,

62 670 278 758 ἐστρατεύετο
292 673 326 749 ἐς
340 667 403 757 τήν
415 673 574 758 Περσέων
587 683 718 757 μοῖραν.
751 667 795 750 ὡς
808 670 846 739 66
859 667 996 739 ἀπίκετο
1013 667 1067 735 ἐπὶ

65 766 239 837 τόνἍλυν
252 765 404 854 ποταμόν
418 764 436 837 6
451 775 606 855 Κροῖσος,
620 765 658 836 τὸ
673 770 845 855 ἐνθεῦτεν,
864 765 908 848 ὡς
922 766 983 854 μέν
1000 761 1064 852 ἐγώ

64 868 170 952 λέγω,
185 864 268 933 κατά
282 862 341 945 τάς
356 866 477 944 ἐούσας
487 867 638 953 γεφύρας
653 872 820 954 διεβίβασε
835 865 896 936 τόν
911 861 1065 952 στρατόν,

64 963 109 1043 ὡς
134 962 209 1033 666
231 963 355 1045 πολλὸς
374 967 474 1052 λόγος
489 965 675 1054 Ελλήνων,
692 973 802 1086 Θαλῆς
817 964 881 1036 ολδ
898 965 1065 1052 Μιλήσιος

63 1068 243 1180 διεβίβασε.
275 1061 530 1152 ἀπορέοντος
490 1090 555 1153 γαρ
572 1063 780 1186 Κροίσου,”
759 1091 846 1143 οκως
860 1069 895 1132 οί
909 1063 1066 1151 διαβήσε-

62 1186 117 1228 ται
133 1155 195 1227 τόν
209 1160 392 1248 ποταμόνδ
408 1159 547 1250 στρατός
568 1161 624 1233 ού
644 1161 708 1250 γάρ
723 1161 764 1250 δή
779 1162 866 1231 εἷναί
882 1186 932 1229 κω
945 1169 1066 1229 τοῦτον

62 1257 125 1328 τὸν
139 1258 263 1345 χρόνον
277 1257 336 1338 τάς
349 1260 500 1347 γεφύρας
512 1260 647 1339 ταύταις·
680 1263 808 1380 λέχεται
825 1259 993 1346 παρεόντα
1007 1254 1066 1325 τὸν

64 1363 183 1444 Θαλῆν
202 1360 239 1424 ἐν
253 1383 299 1448 τρε
284 1361 525 1449 στρατοπέδῳ
539 1364 674 1444 ποιῆσαι
688 1355 778 1448 αύτῷ
792 1354 854 1427 τόν
866 1354 1017 1443 ποταμόν
1032 1360 1065 1436 ἐξ

10 1518 15 1525 .
65 1453 241 1543 ἀριστερῆς
250 1451 359 1541 χειρός
368 1457 487 1543 δέοντα
501 1461 561 1523 τού
577 1477 721 1544 στρατου
706 1429 786 1525 κάλ
800 1462 836 1525 ἐκ
847 1459 955 1542 δεξιῆς
965 1457 1064 1541 ῥέειν,

12 1612 17 1617 .
44 1558 202 1641 ’ποιῆσαι
224 1551 261 1620 66
282 1543 365 1633 ώδεή
395 1549 532 1623 ἀνωδεν
553 1560 614 1620 τοῦ
635 1557 860 1641 στρατοπέδου
875 1551 1064 1640 ἀρξάμενον

63 1652 214 1740 διώρυχα
240 1629 370 1736 βαθέαν
403 1646 578 1737 ὀρύσσειν,
607 1648 730 1736 ἀγοντα
754 1648 991 1769 μηνοειδέα,
977 1650 1064 1727 όκως

10 1745 86 1823 s*
63 1776 109 1817 αν
123 1775 162 1819 το
150 1745 405 1836 στρατόπεδον
416 1749 598 1835 ἱδρυμένον
615 1746 697 1816 κατά
713 1749 823 1816 νώτου
837 1748 947 1836 λάβοι,
961 1748 1064 1836 ταύτῃ

10 1908 13 1915 .
63 1842 148 1915 κατὰ
168 1841 231 1931 τήν
245 1843 400 1970 διώρυχα
421 1844 666 1931 ἐκτραπόμενος
689 1849 726 1913 ἐκ
748 1852 815 1914 τῶν
831 1842 978 1933 ἀρχαίων
992 1849 1064 1935 ῥεέ-

10 1956 25 2013 5:
65 1953 181 2031 δρων,
201 1945 256 2010 καὶ
271 1935 367 2020 αὖτις
379 1939 713 2029 παραμειβόμενος
678 1968 716 2009 το
734 1944 960 2029 στρατόπεδον
977 1939 1059 2020 ἐς
1023 1967 1063 2009 τα

10 2046 22 2105 ζ’
63 2039 184 2129 ἀρχαῖα
208 2040 379 2128 ἐσβάλλοι,
408 2037 491 2106 ώστε
524 2040 631 2107 ἐπείτε
660 2042 715 2109 καὶ
735 2042 872 2129 ἐσχίσθη
894 2036 1064 2125 τάχισταὸ

10 2136 23 2285 ῆ
63 2134 228 2225 ποταμός,
244 2135 415 2225 ἀμφοτέρη
431 2132 586 2257 διαβατὸς
600 2139 739 2222 ἐγένετο.
773 2143 808 2207 oc
820 2136 977 2207 δὲκαὶ
943 2163 980 2206 το
999 2163 1063 2204 πα-

10 2237 178 2359 ΙΙράπριν
190 2237 327 2322 λέγουσι
343 2231 448 2303 καὶ
414 2261 450 2303 το
467 2232 605 2322 ἀρχαίου
618 2237 762 2323 ῥέεθρον
777 2233 1061 2323 ἀποξηρανθῆναι.

10 2330 31 2433 6
64 2331 148 2403 ἀλλὰ
165 2340 264 2401 τοῦτο
278 2330 395 2419 μέν’
355 2359 397 2402 ου
414 2340 607 2419 προσίεμαι·
636 2359 702 2411 κως
714 2358 780 2421 γαρ
796 2330 902 2401 ὀπίσω
918 2331 1064 2454 πορευό-

10 2404 22 2529 ρ’
63 2459 159 2520 μενοι
182 2430 402 2520 διέβησαν’
360 2432 482 2513 αυτόνς
497 2435 803 2519 Κροῖσοςδέἐπείτε
816 2433 1108 2517 διαβάςσύυτώ76

62 2526 335 2617 στρατβάπίκετο
346 2533 404 2614 τῆς
418 2534 655 2615 Καππαδοκίης
669 2525 751 2607 ἐς
715 2554 777 2614 την
785 2533 931 2615 Πτεριην
945 2536 1064 2596 καλεο-

62 2623 223 2717 μένην“
192 2652 247 2715 ἠ
241 2628 285 2696 66
305 2635 428 2716 Πτερίη
451 2631 577 2697 ἐστὶ
538 2655 595 2714 της
608 2626 718 2747 χώρης
731 2627 853 2714 ταύτης
872 2624 910 2695 τό
928 2627 1064 2714 ίσχυρό-

10 2712 26 2839 ᾗ..
62 2752 164 2795 τατον
185 2723 268 2794 κατά
282 2726 447 2814 Σινώπην
466 2727 567 2796 πόλιν
580 2722 642 2813 τῆν
655 2728 693 2794 ἐν
707 2723 855 2818 mecvm
871 2724 982 2815 πόντῳ
997 2726 1064 2812 μά-

61 2823 160 2893 λιστά
175 2849 219 2911 κη
231 2826 381 2943 κειμένη
415 2827 564 2892 ἐνθαῦτα
578 2793 890 2910 ἐστρατοπεδεύετο,
909 2829 1064 2908 φθείρων

60 2930 130 2991 τών
145 2929 285 3008 Συρίων
304 2920 385 3002 τούς
405 2923 559 3010 κλήρους.
592 2927 646 2992 καὶ
668 2919 734 2991 εἷλε
749 2927 810 3009 μέν
827 2929 894 2990 τών
910 2929 1063 3008 Πτερίων

59 3019 125 3142 τήν
139 3019 241 3091 πόλιν
261 3026 316 3090 καὶ
330 3018 654 3116 ήνδραποδίσατο,ε
638 3015 704 3091 εἷλε
725 3019 817 3089 66
781 3047 840 3100 τας
861 3025 1066 3108 περιοικίδας

15 3132 26 3145 ’
59 3117 165 3207 αὐτῆς
179 3120 303 3206 πάσας,
318 3127 468 3205 Συρίους
483 3146 519 3187 τε
533 3117 634 3187 οὐδέν
648 3118 764 3197 ἐόντας
779 3145 800 3185 α
801 3115 937 3196 λ’τίους
918 3117 1065 3187 αναστά-

61 3239 140 3296 τους
164 3221 307 3304 ἐποίησε.
343 3224 457 3338 Κῦρος
480 3214 555 3285 66'
536 3223 670 3302 αγείρας
692 3212 754 3284 τόν
775 3217 902 3282 ἑαυτοῦ
922 3210 1066 3302 στρατόν

56 3321 115 3386 καὶ
129 3314 337 3403 παραλαβών
353 3312 432 3394 τούς
446 3313 569 3400 μεταξύ
584 3318 752 3392 οἰκέοντας
767 3314 894 3392 πάντας
910 3310 1064 3399 ήντιοντο
