2354 3840
142 197 184 262 70
520 195 776 255 HERODOTI

141 358 321 446 ὑστεραίην
345 371 501 444 παρεῖναι
525 361 758 443 λελουμένους.
800 360 838 425 ἐν
863 359 899 426 δὲ
923 357 1033 448 τούτῳ
1054 352 1097 422 τέ
1114 378 1141 421 τι

141 459 276 528 αίπόλια
291 461 347 527 καὶ
357 456 416 536 τάς
430 463 573 543 ποίμνας
588 459 644 525 καὶ
656 454 698 526 τά
709 457 873 544 βουκόλια
883 454 902 524 5
914 462 1029 541 Κῦρος
1038 452 1141 521 πέντε

139 565 201 628 τοῦ
222 554 349 644 πατρὸς
371 562 553 635 συναλίσας
574 557 608 634 ἐς
620 552 729 623 τώυτό
746 562 829 624 έθνε
848 556 905 622 καὶ
923 553 1141 640 παρεσκεύαζε

139 655 184 737 ὡς
199 655 375 743 δεξόμενος
396 661 464 721 τῶν
478 656 638 740 Περσέων
652 652 714 722 τόν
728 651 888 740 στρατόν,
912 648 998 739 πρὸς
1014 654 1052 719 δὲ
1067 660 1140 743 οίνμ

137 782 173 823 τε
188 757 243 822 καὶ
258 761 390 821 σιτίοισι
407 750 451 832 ὥς
465 752 764 839 ἐπιτηδεοτάτοισι.
809 749 1036 835 ἀπικομένους
1058 750 1140 837 δδιῄ

136 851 296 940 ὑστεραίῃ
317 850 396 930 τοὺς
409 853 542 937 Πέρσας
566 858 767 929 κατακλίνας
786 851 822 929 ’ές
842 855 992 935 λειμῶνα
1013 844 1138 934 εὐώχεε.

138 953 245 1018 ἐπείτε
272 949 310 1018 δέ
335 946 400 1019 ἀπὸ
423 955 562 1018 δείπνου
582 943 687 1038 ἦσαν,
717 947 824 1034 είρετό
849 967 954 1034 σφεας
978 943 999 1015 5
1019 952 1139 1033 Κῦρος,

137 1049 258 1137 κότερα
283 1047 323 1117 τὰ
343 1057 384 1139 τῇ
404 1057 586 1139 προτεραίῃ
608 1049 697 1135 εἶχον
717 1043 739 1134 ἢ
759 1046 800 1115 τά
823 1044 993 1134 παρεόντα
1015 1064 1081 1129 σφι
1095 1050 1163 1127 είη·

137 1148 345 1235 αἱρετώτερα.
388 1153 421 1216 οί
444 1149 480 1215 δέ
503 1154 633 1234 έφασαυ
655 1145 784 1215 πολλόν
804 1145 891 1215 εἶναι
905 1143 1019 1213 αὐτῶν
1032 1140 1072 1212 τό
1086 1142 1140 1230 μέ·

136 1268 214 1313 σον·
252 1243 315 1333 τὴν
334 1249 397 1333 μέν
416 1246 481 1334 γὰρ
502 1248 670 1333 προτέρην
692 1243 823 1332 ἡμέρην
834 1245 942 1312 πάντα
953 1248 1051 1328 σφίσι
1059 1238 1137 1311 κακέ

135 1351 241 1431 ἔχειν,
261 1341 324 1431 τὴν
344 1344 380 1411 δὲ
400 1342 476 1411 τότε
491 1350 686 1430 παρεοῦσαν
700 1341 810 1409 πάντα
825 1339 949 1428 ἀγαθά.
990 1348 1138 1429 παραλσ·

134 1444 207 1533 βιόν
222 1448 258 1511 δὲ
278 1451 377 1511 τοῦτο
397 1441 435 1510 τδ
456 1450 535 1523 ἔπος
555 1442 573 1511 5
590 1452 704 1532 Κῦρος
718 1443 938 1531 παρεγύμνου
954 1439 1016 1511 τόν
1032 1440 1137 1511 πάντα

135 1544 256 1628 λόγον,
271 1544 396 1628 λέγων’
430 1542 569 1631 ’Ἁνδρες
583 1547 727 1630 Πέρσαι,
744 1541 833 1610 οὕτω
847 1540 929 1628 ὑμῖν
946 1547 1031 1627 ἔχει·
1059 1549 1137 1626 βου-
1167 1560 1173 1589 ··

135 1645 306 1726 λομένοισι
331 1642 393 1726 μὲν
419 1643 495 1726 ἐμέο
520 1650 702 1711 πείθεσθαι
727 1648 796 1710 έστι
820 1640 900 1708 τάδε
924 1642 1038 1707 τεκαὶ
1060 1637 1137 1709 ἀλλα

134 1745 239 1826 μυρία
259 1734 392 1826 ἀγαθά,
414 1737 538 1807 οὐδένα
560 1741 669 1808 πόνον
691 1740 922 1828 δουλοπρεπέα
936 1743 1069 1823 έχουσι·
1096 1762 1136 1823 μη

133 1838 370 1925 βουλομένοισι
402 1838 439 1906 δέ
454 1838 539 1928 [ἐμέο
567 1839 806 1930 πείθεσθαι]εί
792 1837 881 1908 ίσλ
861 1853 945 1925 υμῖν
969 1837 1074 1908 πόνοι
1096 1844 1137 1930 τό

132 1943 236 2028 χθιζμ
256 1936 483 2025 παραπλήσιοι
504 1936 739 2028 ἀναρίθμητοι.
783 1947 849 2007 νῦν
864 1933 914 2008 ἀν
928 1941 1005 2026 ἐμέο
1018 1908 1173 2009 πειθό-
1169 1954 1173 2017 ι’

132 2060 228 2120 μενοι
252 2041 391 2119 γίνεσθε
416 2036 601 2122 ἐλεύθεροι.
645 2035 748 2117 αὐτός
771 2063 808 2105 τε
833 2034 899 2123 γὰρ
927 2039 1035 2105 δοκέω
1062 2044 1135 2125 θείη
1171 2084 1173 2089 -

131 2131 215 2218 τύχη
229 2128 377 2216 γεγονώς
390 2132 470 2199 τάδε
485 2135 518 2212 ἐς
531 2149 641 2221 χεῖρας
657 2134 811 2221 ἄγεσθαι,
826 2131 913 2203 ταδ’
895 2135 1000 2221 υμέας
1013 2160 1135 2255 ηγημαι
1166 2150 1173 2225 ‘3

132 2227 258 2313 ἀνδρας
279 2228 411 2317 Μήδιον
429 2228 514 2298 εἶναι
529 2256 569 2297 ου
560 2227 889 2321 ’φλαυροτέρους”
846 2258 924 2300 ουτε
937 2226 1047 2353 τμλλα
1063 2230 1133 2300 οὕτε
1171 2242 1173 2249 ’

131 2323 173 2393 τά
186 2329 337 2448 πολέμια.
371 2323 416 2404 ὡς
431 2353 480 2393 ων
493 2327 638 2414 ἐχόντων
654 2324 719 2398 ὦδε
735 2330 922 2400 ἀπίστασθε
944 2326 999 2396 ἀπ’
1021 2328 1132 2399 Ἀστν-
1164 2394 1167 2399 .

132 2425 231 2510 ἀγεος
246 2452 309 2511 την
325 2434 492 2513 ταχίστην.

64 2533 114 2589 127
213 2527 340 2612 Πέρσαι
361 2524 423 2608 μέν
442 2549 509 2590 νυν
528 2523 722 2607 προστάτεω
745 2523 1020 2613 έπιλαβόμενοι”
996 2545 1130 2612 ασμενοι

84 2652 89 2663 ·
128 2622 396 2713 ἠλευθεροῦντο,
421 2622 477 2687 καὶ
500 2621 603 2689 πάλαι
624 2622 739 2690 δεινόν
760 2623 957 2710 ποιεύμενοι
971 2619 1042 2691 ὑπὸ
1057 2618 1130 2709 Μό-

130 2726 200 2788 δων
217 2717 388 2804 ἄρχεσθαι.
428 2715 611 2804 Ἀστυάγης
625 2721 662 2787 δδ
677 2718 722 2799 ὡς
735 2721 880 2789 ἐπύθετο
896 2728 1015 2806 Κῦρον
1029 2718 1130 2807 πρήσ-

129 2830 234 2884 σοντα
243 2822 374 2901 ταῦτα,
394 2818 526 2936 μέμψας
539 2813 683 2901 ἀγγελον
699 2817 814 2887 ἐκάλεε
828 2815 942 2888 αάτόν.
976 2815 995 2886 5
1011 2820 1051 2886 δε
1063 2820 1129 2885 Κῦ-
1159 2878 1162 2883 .

129 2942 187 3004 ρος
211 2917 343 2983 ἐκέλευε
367 2911 428 2981 τόν
453 2911 597 3000 ἀγγελον
623 2914 911 3006 ἀπαγγέλλειυ,”
889 2944 942 2986 οτι
968 2916 1129 3003 πρότερον

62 3074 69 3083 .
128 3014 215 3136 η’ξει
233 3009 314 3099 παρ’
347 3008 550 3097 ἐκείνου,”
528 3039 548 3098 η
579 3010 681 3092 αὐτὸς
704 3012 887 3101 Ἀστυάγης
916 3015 1169 3139 βουλήσετμι.,
1171 3076 1173 3087 .

128 3109 276 3187 ἀκούσας
291 3112 445 3176 δὲταῦτα
460 3105 479 3177 5
498 3106 680 3230 Ἀστυάγης
695 3112 840 3199 Μήδους
854 3141 890 3182 τε
905 3113 1032 3184 ωπλισε
1046 3112 1129 3184 πειν-
1162 3072 1170 3187 5

126 3235 201 3292 τας,
226 3209 283 3274 καὶ
302 3205 489 3292 στρατηγόν
510 3205 623 3275 αὐτῶν
645 3208 729 3277 ω’στε
750 3211 942 3301 θεοβλαβης
962 3211 1031 3281 &ew
1052 3211 1169 3289 ἀπέ-

127 3309 200 3387 δεξε
213 3303 400 3392 Ἅρπαγον,
427 3305 540 3393 λη’θην
558 3306 758 3394 ποιεόμενος
778 3310 820 3378 τιὶ
841 3338 900 3397 μιν
920 3311 1049 3402 ἐόργεε.
1089 3306 1167 3388 ὥς·

126 3409 158 3476 δ’
183 3412 342 3497 οίΜῆδοι
357 3406 638 3491 στρατευσόμενοι
653 3423 738 3476 τοῖσι
752 3411 901 3498 Πέρσησι
914 3430 959 3478 συ
951 3414 1129 3501 νέμισγσκ,

63 3570 152 3620 .-
799 3620 803 3625 ,
1169 3540 1173 3667 η
