2354 3840
127 155 192 220 344
503 159 756 216 HERODOTI

128 313 273 406 ἀνδράσι
288 320 343 386 καὶ
355 321 454 404 χωρὶς
470 325 537 386 τῶν
552 316 762 408 ἀνδρῶνκαὶ
780 323 813 401 ές
827 322 974 411 πόλεμον
987 324 1113 411 φοιτέου-

127 437 201 503 σαι,
224 417 278 484 καλ
302 413 424 502 στολὴν
447 413 509 503 τὴν
532 414 639 504 αύτὴν
664 431 748 486 τοῖσι
772 415 917 503 ἀνδράσι
937 425 1108 507 φορέουσαι.

61 518 110 575 117
126 520 229 602 Φωνῇ
250 514 285 581 δέ
307 518 340 581 οἱ
353 515 573 601 Σαυρομάται
594 522 765 602 νομίζουσι
786 524 962 606 Σκυθικῇ,
986 523 1109 586 σολοικέ·

127 618 236 694 ζοντες
251 607 335 699 αὐτῇ
346 607 411 679 όπδ
427 618 488 678 τού
499 609 656 699 ἀρχαίου,
672 615 738 680 ἐπεὶ
754 611 795 680 ού
805 621 955 702 χρηστῶς
966 618 1108 702 ἐξέμαθον

127 707 233 796 αύτὴν
249 713 285 776 αί
294 704 477 794 Ἀμαζόνες.
502 706 542 776 τοὶ
559 713 635 796 περὶ
655 711 774 796 νόμων
792 709 829 778 δέ
845 703 913 778 οἶδέ
925 732 987 798 σφι
1001 715 1108 781 διακέε-

125 836 194 877 ται·
219 804 260 875 ού
274 808 428 893 χαμέεται
448 811 619 894 παρθένος
639 806 795 894 οὐδεμία,
818 810 900 896 πρὶν
921 803 966 876 όν
985 817 1049 877 τόν
1062 833 1107 878 πο

124 914 249 993 λεμίων
263 904 371 992 ἄνδρα
386 904 573 994 ἀποκτείνῃ.
597 910 634 974 αί
647 909 687 974 δέ
697 932 785 984 τινες
800 903 930 974 αὐτέων
944 910 1000 976 καὶ
1015 917 1106 984 τελεο-

73 1004 80 1012 ’
124 1009 235 1076 τέουσι
244 1008 378 1096 χηραιαλ
388 1007 470 1096 πρὶν
479 1004 662 1093 γήμασθαι,
680 1001 733 1072 ού
744 1005 930 1090 δυνάμεναι
945 1003 1005 1075 τόν
1021 1005 1105 1094 νόμον

126 1106 294 1190 έκπλὴσαι.

62 1215 110 1270 1.8
140 1209 155 1237 ’“
203 1200 273 1272 Ἐπὶ
289 1203 419 1270 τούτων
441 1195 489 1271 τόν
509 1210 577 1270 τῶν
603 1207 875 1290 καταλεχθέντων
900 1207 1028 1273 ἐθνέων
1046 1201 1104 1280 τούς

122 1304 276 1389 βασιλέας
291 1299 490 1389 ἁλισμένους
505 1298 702 1388 ἀπικόμενοι
718 1309 785 1369 τῶν
796 1305 965 1370 Σκυθέων
981 1307 1014 1370 οέ
1025 1300 1104 1388 ἄγχε-

122 1409 175 1467 λοι
193 1403 309 1484 έλεχον
329 1401 597 1486 ἐκδιδάσκοντες,
618 1395 662 1478 ὥς
686 1397 703 1467 ὁ
726 1402 873 1489 Πέρσης,
898 1400 1011 1490 ἐπειδή
1031 1405 1061 1468 οἱ
1075 1394 1103 1464 τό

123 1501 159 1566 έν
181 1505 220 1586 τῇ
242 1496 365 1591 ἡπείρρι
385 1507 425 1589 τῇ
447 1502 540 1589 ἑτέρη
561 1500 671 1567 πάντα
691 1520 949 1589 κατέστραπται,
972 1504 1104 1588 γέφυραν

122 1595 235 1676 ζεύξας
250 1598 302 1665 ἐπὶ
316 1605 362 1688 τῷ
377 1596 492 1685 αὐχένι
515 1603 575 1665 τοῦ
589 1597 769 1686 Βοσπόρου
784 1601 962 1684 διαβέβηκε
977 1601 1010 1677 ές
1025 1595 1104 1684 ιη’νδε

119 1690 181 1778 τὴν
201 1689 357 1781 ἤπειρον,
381 1692 499 1781 διαβὰς
520 1695 557 1761 δέ
577 1694 632 1761 καὶ
649 1695 964 1783 καταστρεψόμενος
979 1695 1105 1784 Θρήικας

118 1809 265 1882 γεφυροῖ
282 1792 432 1882 ποταμόν
446 1794 596 1882 Ἴστρον,
617 1795 825 1881 βουλόμενος
839 1798 894 1862 καὶ
913 1796 993 1864 τόδε
1014 1795 1104 1863 πάντα
1141 1868 1144 1883 Ι

119 1893 178 1962 ὑπ’
207 1897 320 1986 ἑωυτῷ
345 1894 559 1982 ποιήσασθαι.
601 1891 706 1980 ’λ’μεῖς
733 1886 781 1961 τόν
806 1898 924 1982 μηδενὶ
950 1896 1104 1990 τρόπωέκ
1090 1886 1144 1975 κέ

118 2000 180 2061 τού
203 1996 308 2080 μέσου
335 2019 515 2081 κατημενοι
542 1997 710 2112 ηιεριίδητε
731 1991 834 2079 ἡμέας
860 1997 1104 2082 διαφθαρέντος,
1138 2002 1144 2039 -“

117 2191 271 2276 ποιήσετε
286 2196 405 2257 ταῦτα·
427 2187 521 2274 ἡμεῖς
535 2217 559 2274 μ
561 2190 598 2256 έν
612 2183 833 2275 πιεζόμενοιὴ
848 2185 1085 2311 έκλείηομεν
1056 2214 1106 2274 την

116 2286 245 2409 χοόρην,
266 2281 287 2372 ἡ
303 2289 460 2372 μένοντες
475 2284 635 2374 ὁμολογίη
648 2286 851 2372 χρησόμεθα.
875 2286 959 2355 τί
919 2315 984 2375 γαρ
999 2291 1106 2359 πόθω-

117 2415 180 2476 μεν
200 2414 245 2507 μη
234 2385 484 2474 βουλομένων
509 2385 622 2474 ὑμέων
642 2388 833 2473 τιμωρέεινς
856 2383 937 2471 ὑμῖν
959 2387 997 2453 δέ
1019 2383 1108 2453 ούδέν
1141 2406 1144 2411 ·

117 2488 170 2554 έπλ
185 2484 291 2576 τούτῳ
306 2491 397 2559 ἔσται
412 2481 693 2611 έλαφρότερονὟ
654 2508 744 2577 ηκει
758 2508 823 2569 γαρ
842 2480 1002 2571 δΠέρσης
1018 2480 1109 2550 οὐδέν

116 2611 148 2652 τι
165 2591 293 2702 μᾶλλρν
308 2581 360 2651 ἐπ’
377 2579 515 2670 ημέας
492 2609 512 2670 η
529 2580 571 2650 ού
587 2609 641 2650 και
630 2578 742 2648 έπἐ
725 2583 844 2667 νμέας,
867 2576 951 2648 ούδέ
970 2584 1005 2648 οι
1017 2604 1110 2647 κατα-

116 2681 230 2796 χρηρει
246 2675 348 2765 ἡμέας
363 2684 661 2801 καταστρεψαμέηω
679 2675 792 2765 ὑμέων
813 2674 1006 2767 ἀπέχεσθαι.
1035 2681 1110 2765 μέγα

116 2779 152 2845 δέ
174 2773 255 2862 ὑμῖν
276 2776 388 2896 λόγων
403 2782 508 2845 τῶνδε
525 2777 710 2866 μαρτύριον
736 2777 889 2861 έρέομεν·
923 2780 954 2843 εί
973 2771 1100 2861 ηδρπ
1064 2769 1109 2843 ἐπ’

115 2873 218 2962 ἡμέας
242 2875 391 2961 μούνους
418 2871 694 2963 έστρατηλοὶτεε“
679 2900 697 2943 ο
718 2873 850 2958 Πέρσης
877 2876 1036 2940 τίσασθαι
1062 2875 1125 2956 τῆς.

114 2972 246 3058 πρόσθε
267 2972 473 3059 δουλοσύνης
496 2971 719 3061 βουλόμενος,
741 2975 825 3056 χρῆν
849 2964 954 3034 αύτδν
981 2967 1115 3037 πόντων

114 3075 181 3134 τῶν
203 3068 315 3137 ἄλλων
338 3068 546 3158 ἀπεχόμενον
570 3067 659 3137 οὕτω
680 3070 766 3136 ι’έναι
786 3067 839 3134 έπλ
861 3061 922 3153 τὴν
942 3061 1116 3154 ἡμετέρην,

115 3167 170 3233 καλ
185 3162 229 3232 δν
244 3168 365 3254 έδὴλον
380 3176 478 3255 πᾶσι,
498 3167 542 3248 ὡς
552 3173 604 3238 έπλ
615 3168 756 3246 Σκύθας
772 3165 906 3234 ἐλαύνει
920 3166 976 3233 καλ
990 3163 1056 3235 οὐκ
1067 3168 1116 3235 ἐπὶ

115 3260 193 3339 τούς
218 3259 349 3343 ἄλλους.
369 3264 435 3329 νύν
452 3259 491 3328 δὲ
505 3262 611 3329 ἐπείτε
629 3257 763 3348 τάχιστα
782 3261 874 3348 διέβη
893 3263 925 3343 ές
938 3263 1041 3351 τήνδε
1059 3264 1118 3354 τὴν

116 3359 271 3448 ἤπειρον,
289 3360 367 3441 τούς
383 3367 446 3434 αίελ
457 3361 612 3452 έμποδοδν
623 3368 821 3451 γινομένους
831 3359 1014 3450 ἡμεροῦται
1031 3367 1115 3436 τόν·
