2340 3832
339 197 423 254 ΗΒ.
457 198 504 253 Ν.
538 198 635 256 ΟΑΡ.
668 207 809 264 61-26.
1018 201 1080 265 605

69 361 126 423 καί
139 350 206 422 666
222 361 280 442 τῆς
296 353 483 441 παχύτητος
498 349 605 420 αὐτοῦ
618 361 676 440 τῆς
687 356 810 443 τρυγός
825 359 980 437 παλάθας
995 380 1080 428 συν·
1147 394 1150 400 ·

70 461 196 523 τιδείσι
212 455 268 521 καί
279 452 402 530 ταύτας
413 453 587 518 σιτέονται.
604 451 756 540 πρόβατα
767 454 834 542 γάρ
846 475 906 541 σφι
919 453 960 523 ού
971 453 1080 524 πολλά

70 552 156 619 ἐστι’·
179 547 221 618 06
232 549 298 637 γάρ
315 548 347 618 τι
362 552 544 617 σπουδαίαι
558 551 659 634 νομαὶ
672 546 843 618 αύτόθιί
814 577 828 618 ε
831 557 885 619 ί.σί
917 549 984 619 666
1001 555 1079 618 δεν-

70 653 158 770 6636
178 649 216 716 δέ
236 650 376 727 ἕκαστος·
395 654 620 739 κατοίκηται,
626 645 768 734 τὸνμὲν
791 655 955 735 χειμῶνα,
978 645 1080 717 ἐπεάν

69 771 106 814 το
95 743 283 869 δένδρεον
298 745 511 834 περικαλύύη
525 752 611 836 πίλω
625 754 752 836 στεγνῷ
768 754 893 838 λευκῷ,
911 773 948 814 το
938 745 1001 814 δὲ
1015 746 1078 814 δέ·

69 870 145 935 ρος
137 866 225 914 ανευ
235 838 346 915 πίλου.
369 871 511 924 τουτους
522 842 633 925 ουδεὶς
646 843 770 914 αδικέει
781 843 991 933 ανδρωπων
1010 845 1077 933 ίροδ

69 941 136 1030 γάρ’
146 941 350 1029 λέγουταιδ
318 968 333 1011 ε
346 970 411 1012 ναι.
434 939 520 1011 ούδέ
530 967 562 1010 τι
576 939 697 1030 άρήιον
714 938 1006 1010 οπλονκεκτέαται.
1020 940 1076 1008 καὶ

71 1045 171 1108 τούτο
187 1043 250 1126 μὲν
264 1055 350 1110 τοῖσι
364 1041 593 1129 περιοικέουσι
607 1031 704 1107 οὗτοί
719 1045 781 1106 είσι
793 1036 873 1105 οἰ
837 1065 896 1116 τας
910 1034 1075 1123 διαφοράς

69 1142 289 1227 διαιρέοντες,
312 1146 413 1207 τούτο
428 1140 480 1225 δὲ,
502 1135 540 1216 ὃς
553 1133 599 1205 α”ν
610 1136 748 1223 φεύγων
759 1134 936 1223 καταφύγῃ
948 1137 980 1212 ές
993 1135 1074 1202 τού-

71 1256 166 1323 τους,
186 1234 248 1305 ὑπ’
269 1233 611 1315 οὐδενός-ἀδικέεται·
634 1231 764 1319 ούνομα
783 1235 823 1300 δέ
839 1239 903 1317 σφί
913 1234 981 1298 ἐστι
999 1229 1073 1316 Ἀρ-

65 1349 226 1423 γιππαίοι.
270 1338 381 1429 Μέχρι
393 1336 456 1422 μέν
466 1361 534 1402 νυν
547 1340 617 1402 τών
628 1339 811 1420 φαλακρῶν
824 1332 952 1399 τούτων
966 1327 1071 1416 πολλὴ
1084 1351 1118 1407 24

65 1438 270 1522 περιφάνεια
291 1440 350 1520 τῆς
364 1432 478 1522 χώρης
496 1435 563 1502 ἐστέ
586 1435 725 1501 καὶτῶν
740 1437 911 1519 ἔμπροσθε
927 1434 1071 1499 ἐθνέων·

66 1528 178 1598 καὶ
139 1555 203 1618 γαρ
221 1533 390 1599 Σκυθέων
404 1533 491 1610 τινὲς
508 1518 723 1613 ἀπικνέονται
739 1532 772 1608 ές
786 1527 926 1616 αύτούς,
948 1536 1016 1597 τῶν
1031 1523 1072 1596 ού

66 1626 241 1714 χαλεπόνέ
240 1646 293 1695 στι
307 1632 498 1716 πυθέσθαι,
522 1627 594 1697 καί
593 1629 753 1715 Ελλήνων
770 1635 838 1694 τῶν
850 1631 885 1695 έκ
897 1629 1072 1713 Βορυσθέ-

66 1724 145 1804 νεός
164 1749 200 1793 τε
217 1722 379 1812 ἐμπορίου
399 1729 456 1797 καί
475 1734 544 1795 τών
565 1727 677 1797 άλλων
691 1735 868 1796 Ποντικῶν
886 1730 1069 1815 έμπορίων.

66 1823 236 1892 Σκυθέων
251 1823 288 1892 δὲ
303 1821 391 1895 (δάν
401 1831 526 1895 έλθωσι
542 1830 575 1904 ές
590 1824 730 1912 αύτούς,
744 1825 791 1893 δι’
809 1826 889 1895 ἑπτά
901 1830 1071 1914 ἑρμηνέων

65 1922 121 1989 καὶ
143 1918 189 1988 δι’
208 1919 290 1988 ἑπτά
306 1925 484 2008 γλωσσέων
505 1923 778 2012 διαπρήσσονται.
824 1927 934 2010 Μέχρι
949 1926 1011 2010 μὲν
1029 1920 1068 2009 66
1081 1951 1114 2004 ης

64 2018 197 2087 τούτων
217 2020 432 2109 γινώσκεται,
461 2019 498 2090 τὸ
524 2024 560 2090 δὲ
581 2029 650 2089 τῶν
670 2030 854 2110 φαλακρῶν
878 2025 1070 2109 κατύπερθε

65 2116 177 2196 οὐδεὶς
192 2114 354 2205 άτρεκέως
369 2118 438 2188 οἶδε
454 2121 599 2209 φράσαι·
623 2117 727 2209 ούρεά
738 2147 773 2188 τε
784 2118 849 2207 γάρ
862 2118 1004 2206 ὑψηλά’
986 2145 1071 2188 απο-

65 2216 185 2301 τάμνει
200 2213 307 2302 άβατα
321 2220 377 2286 καί
398 2217 509 2299 οὐδείς
523 2240 610 2308 σφεα
625 2218 837 2310 ὑπερβαίνει·
861 2225 894 2288 oc
880 2222 944 2288 ίδὲ
962 2228 1071 2305 φαλα-

64 2303 198 2399 κροδ
156 2336 249 2380 ουτοι
263 2315 416 2400 λέγουσι,
432 2319 504 2402 ἐμοὶ
518 2316 632 2402 μέν’
592 2343 635 2385 ου
645 2316 744 2385 πιστά
756 2321 965 2403 λέγοντες,ο
948 2321 1070 2384 οίκέειν

63 2407 106 2477 τά
121 2407 224 2497 ούρεα
237 2416 413 2507 αἰγίποδας
426 2412 569 2502 ἄνδρας,
592 2412 776 2502 ὑπερβάντι
797 2417 834 2482 63
854 2414 994 2492 τούτους
1008 2413 1069 2482 άλ-

61 2515 144 2585 λους
161 2502 382 2598 άνθρώπους,
406 2519 441 2581 ἱ
406 2537 521 2599 την
544 2511 708 2599 ἑξάμηνον
722 2513 938 2582 κατεύδουσι
969 2518 1067 2580 τοῦτο

62 2602 156 2672 δὲ’
117 2631 180 2674 ουκ
203 2603 419 2693 ένδέκομαι’
399 2605 515 2694 αρχήν.
557 2601 703 2675 άλλοὶ
667 2631 704 2672 το
730 2604 793 2692 μέν
816 2605 901 2697 πρός
928 2606 978 2696 ήώ
1000 2617 1068 2678 τών

61 2694 246 2789 φαλακρόν
261 2704 459 2792 γινώσκεται
480 2705 644 2796 άτρέκέως
661 2704 720 2776 ὑπ’
741 2705 939 2796 Ἰσσηδόνων
957 2708 1067 2777 οίκεό-

59 2826 181 2887 μενον,
203 2799 240 2870 τό
263 2806 377 2891 μέντοι
398 2805 592 2896 κατύπερθε
614 2805 699 2897 πρός
708 2807 884 2930 βορόην’
870 2807 997 2895 άνεμον
1024 2806 1065 2875 ού

58 2897 275 2987 γινώσκεται,
301 2899 381 2971 ούτεΙ
394 2910 463 2972 τών
478 2914 662 2996 φαλακρῶν
683 2906 760 2976 ούτε
775 2913 843 2974 τών
853 2904 1065 2993 Ἰσσηδόνων,

60 2992 184 3082 είμῆ’
163 3016 227 3065 οσα
238 2995 358 3066 αύτών
371 2998 503 3069 τούτων
517 3001 705 3089 λεγόντων.
740 3004 925 3090 Νόμοισιδ
907 3001 967 3070 δέ’
964 3012 1064 3090 Ισση-
1074 3035 1108 3090 25

59 3091 158 3172 δόνες
169 3101 327 3166 τοιοισιδε
338 3101 492 3184 λέγονται
503 3108 666 3189 χρασθαι
682 3099 1063 3194 έπεάνάνδρλ-άποθάνη

56 3188 232 3289 66666‚0
214 3199 248 3262 oc
270 3195 497 3285 προσήκοντες
521 3202 642 3280 πάντες
667 3202 875 3290 προσάγουσι
900 3211 1063 3299 πρόβατα,

55 3291 148 3357 καλέ
130 3295 259 3359 έπειτεν
279 3302 384 3364 ’ταῦτα
401 3298 571 3380 θύσαντες
592 3303 647 3369 καὶ
666 3307 910 3389 καταταμόντες
923 3336 964 3375 τα
953 3306 1063 3395 κρέα

54 3389 304 3538 κατατάμνοτῖσι
315 3394 426 3461 καί
392 3408 453 3463 τον
474 3406 534 3466 τοῦ
554 3403 737 3486 δεκομένου
761 3412 930 3474 τεθνεῶτα
949 3415 1076 3493 γονέα

140 3497 229 3535 mon
902 3505 943 3555 ‘m
