2354 3840
17 143 20 147 ἀ
146 184 206 246 106
522 183 773 242 HERODOTI

143 468 232 527 νιος,
255 444 330 528 περὶ
351 447 506 526 θυμίημα
528 439 789 525 καταγιζόμενον
809 443 887 527 ἵζει,
908 443 1052 528 ἑτέρωθι
1072 436 1137 528 M
1174 521 1175 524 χ

143 537 229 628 γυνὴ
246 535 352 607 τάυτδ
365 544 464 606 τοῦτο
477 540 591 606 ποιέει.
615 535 748 624 ὄρθρου
767 538 804 607 δέ
814 543 1001 627 γενομένου
1012 548 1138 611 λοῦνττι
1174 551 1177 616 λ

143 635 234 707 καὶ’
216 634 416 723 αμφότεροι
439 633 559 721 ἀγγεος
576 631 640 720 γὰρ
664 632 844 715 οάδενδς”
820 650 983 727 αφονται,
1004 630 1122 738 doh*
1103 625 1177 705 αν

76 752 126 808 199
143 737 339 806 λούσωνται.
371 728 475 800 ταῦτα
463 729 534 800 δέ
555 737 659 800 ταῦτα
680 733 735 801 καί
754 730 904 823 Ἀράβιοι
930 742 1076 805 ποιεῦσι.
1108 732 1138 801 0

143 837 178 904 δὲ
207 830 247 920 δη
269 841 434 919 αἴσχιστος
461 839 531 901 τόν
556 832 674 918 νόμων
702 833 770 901 έστλ
795 849 883 904 τοῖσι
901 842 1139 925 Βαβυλωνίοισι

142 930 208 1000 ὅδε.
242 935 295 998 δεῖ
318 937 430 998 πᾶσαν
456 944 601 1017 γυναῖκα
629 931 810 1017 ἐπιχωρίην
836 936 994 1020 ίζομένην
1021 928 1139 1021 έςίρόν

137 1032 333 1117 Ἀφροδίτης
344 1027 430 1110 ἅπαξ
441 1031 479 1097 έν
489 1035 530 1118 τῇ
542 1029 598 1117 ζόη
615 1035 776 1116 μιχθῆναι
787 1027 886 1117 ἀνδρὶ
901 1037 1007 1123 ξείνῳ.
1032 1034 1139 1101 πολλοὶ
1164 1088 1168 1101 .

142 1132 179 1198 δὲ
196 1131 251 1197 καὶ
266 1124 329 1196 οῦκ
351 1124 543 1214 ἀξιεόμεναι
565 1123 811 1213 ἀναμίσγεσθαι
836 1136 911 1217 τῇσι
931 1124 1071 1217 ἄλλῃσι,
1094 1113 1139 1197 σία

140 1228 275 1318 πλοότφ
292 1223 604 1312 ὑπερφρονέουσαι,
622 1226 675 1293 ἐπὶ
687 1228 831 1312 ζευγέων
845 1230 882 1295 ἐν
893 1228 1140 1318 ναμάρησιέλά-

141 1348 240 1396 σασαι
267 1320 351 1411 πρός
370 1319 408 1391 τό
436 1320 513 1409 ίρδν
534 1326 663 1409 ἑστᾶσι,
684 1332 853 1413 θεραπηίη
884 1330 925 1395 δέ
942 1347 1006 1415 σφι
1028 1325 1140 1397 ὄπισθε

141 1430 254 1493 ἕπεται
278 1421 393 1508 πολλή.
429 1425 466 1489 αί
479 1421 516 1489 δέ
537 1427 680 1499 πλεῦνες
700 1429 832 1491 ποιεῦσι
847 1415 929 1492 όδε·
962 1426 1001 1493 έν
1022 1426 1142 1512 τεμένει

137 1522 335 1607 Ἀφροδίτης
349 1524 502 1586 κατέαται
518 1521 688 1604 στέφανον
701 1523 777 1607 περὶ
790 1529 865 1611 τῇσι
875 1529 1043 1611 κεφαλῇσι
1053 1528 1141 1611 έχου-

140 1641 197 1687 σαι
212 1618 386 1705 θώμιγγος
402 1619 521 1685 πολλαὶ
537 1630 704 1702 γυναῖκες.
734 1622 772 1688 αί
785 1619 848 1706 μὲν
861 1617 926 1708 γάρ
941 1624 1141 1710 προσέρχον-

140 1744 211 1804 ται,
232 1723 268 1787 αί
283 1717 319 1784 δὲ
340 1713 548 1801 ἀπέρχονται.
579 1719 803 1801 σχοινοτενέες
819 1720 855 1786 δέ
876 1720 1020 1798 διέξοδοι
1040 1720 1141 1789 πάντα

145 1818 272 1906 τρόπον
304 1822 417 1903 έχουσι
447 1813 502 1884 διά
529 1819 597 1882 τῶν
614 1821 803 1901 γυναικοῖν,
834 1814 880 1884 δι’
909 1809 958 1885 ἀν
988 1823 1026 1887 οί
1048 1820 1143 1901 ξείνα

146 1916 321 1998 διεξιόντες
350 1916 547 1998 ἐκλέγονται.
599 1919 686 1983 ἔνθα
710 1914 811 1983 έπεάν
837 1920 939 2002 ἵζηται
965 1915 1074 2006 γυνη,
1105 1914 1142 1986 οῦ

145 2017 311 2103 πρότερον
328 2009 574 2081 ἀπαλλάσσεται
590 2012 623 2088 ές
636 2007 676 2077 τά
691 2015 796 2098 οἰκία,
817 2009 899 2099 ἥτίς
913 2016 949 2080 οί
957 2016 1079 2092 ξείναν
1091 2010 1147 2101 ἀρ·

145 2114 267 2200 γύριον
292 2106 446 2199 ἐμβαλόν
473 2110 506 2186 ές
529 2104 569 2175 τά
592 2108 741 2192 γούνατα
765 2116 871 2198 μιχθῇ
893 2113 956 2191 ἔξω
978 2117 1044 2179 τοῦ
1065 2114 1145 2199 ίροῦ.

146 2211 333 2301 ἐμβαλόντα
354 2211 390 2277 δὲ
415 2211 466 2276 δει
487 2213 592 2275 εἰπεῖν
616 2207 773 2276 τοσόνδε·
807 2206 989 2278 Ἐπικαλέω
1016 2236 1070 2279 τοι
1091 2206 1147 2297 τὴν

144 2308 230 2378 θεὸν
251 2308 415 2377 Μύλιττα.
459 2305 616 2374 Μόλιττα
638 2308 674 2375 δὲ
696 2310 853 2377 καλέουσι
872 2305 935 2396 τὴν
952 2305 1147 2396 Ἀφροδίτην

141 2407 320 2489 Ἇοσόριοι.
343 2403 380 2473 τό
394 2404 430 2472 δέ
444 2400 611 2491 ἀργύριον
621 2405 770 2491 μέγαθός
784 2407 852 2474 έστι
863 2403 1013 2474 ὁσονῶν·
1031 2404 1075 2476 οῦ
1087 2404 1147 2495 γὰρ

145 2504 189 2594 μὴ
206 2503 394 2591 ἀπώσηται·
424 2500 466 2572 οό
479 2504 545 2591 γάρ
567 2506 602 2572 οί
613 2507 711 2590 θέμις
728 2507 813 2575 έστί·
839 2513 969 2592 γίνεται
986 2503 1056 2595 γάρ
1077 2502 1148 2594 ἱρόν

144 2612 242 2671 τοῦτο
254 2601 291 2671 τό
304 2601 477 2689 ἀργύριον.
505 2608 552 2692 τῷ
564 2604 600 2668 δέ
611 2602 733 2693 πράτφ
744 2603 923 2689 ἐμβαλόντι
934 2604 1060 2692 ἕπεται,
1075 2602 1149 2675 οῦδὲ

145 2701 333 2789 ἀποδοκιμᾷ
351 2698 484 2768 οὐδένα.
517 2698 620 2769 έπεάν
638 2701 674 2769 δέ
690 2707 811 2790 μιχθῇ,
838 2699 1148 2791 ἀποσιωσαμένηνῄ

146 2806 216 2889 θεῷ
232 2796 478 2867 ἀπαλλάσσεται
503 2802 536 2878 ές
559 2797 600 2867 τά
624 2806 728 2887 οίκία,
755 2803 810 2868 καλ
827 2797 917 2867 τάπδ
939 2802 1067 2871 τοῦτον
1089 2798 1148 2871 οῦν

146 2894 234 2964 οὕτω
249 2899 332 2981 μέγα
350 2901 384 2962 τί
394 2901 429 2963 οί
443 2895 579 2979 δόσεις,
602 2895 647 2976 ἀς
661 2923 720 2983 μιν
733 2896 888 2982 λάμψεαι.
916 2895 994 2965 ὅσαι
1007 2902 1073 2986 μέν
1087 2924 1148 2967 νυν

147 2993 251 3069 είδεός
265 3017 300 3057 τε
316 2994 501 3078 ἐπαμμέναι
523 2997 584 3062 είσλ
601 2996 656 3061 καλ
672 2992 855 3079 μεγάθεος,
877 2989 960 3079 ταχδ
978 2990 1149 3067 ἀπαλλάσ-

147 3111 279 3173 σονται,
306 3085 383 3157 ὅσαι
399 3089 436 3158 δὲ
458 3088 606 3178 ἀμορφοι
628 3089 758 3158 αάτέαυ
779 3092 857 3175 είσλ,
883 3090 1011 3176 χρόνον
1026 3090 1150 3163 πολλόν

146 3190 372 3274 προσμένουσι
384 3184 425 3256 οά
438 3189 624 3276 δυνάμεναι
635 3185 696 3257 τόν
707 3188 814 3275 νόμον
826 3190 1004 3275 ἐκπλῆσαι·
1022 3188 1150 3279 καίγάρ

145 3288 272 3371 τριέτεα
283 3286 338 3351 καὶ
347 3290 519 3372 τετραέτεα
533 3291 737 3374 μετεξέτεραι
750 3286 875 3374 χρόνον
886 3289 1038 3372 μένουσι.
1062 3292 1148 3359 ένια·

145 3389 185 3469 χῇ
202 3382 238 3450 δὲ
252 3383 378 3469 καὶτῆς
393 3385 538 3471 Κύπρου
552 3388 621 3454 ἐστὶ
637 3383 867 3473 παραπλήσιος
881 3383 991 3477 τοότφ
1004 3385 1122 3475 νόμος.
