2354 3840
149 215 212 278 246
523 218 773 278 HERODOTI

148 399 224 464 σης,
238 373 259 443 ὅ
271 402 303 445 τι
316 382 357 466 τῇ
371 375 450 443 πόλι
464 372 595 459 οὕνομα
609 383 670 460 είη,
689 380 724 442 οί
735 374 771 442 δὲ
786 375 882 444 εἶπαν
895 379 945 450 ὄτι
956 376 1138 466 Ἀγβάτανα

150 481 192 566 τῷ
207 474 244 543 δὲ
258 482 305 544 ἐτι
319 474 485 562 πρότερον
499 475 673 560 ἐκέχρηστο
688 477 724 541 ἐκ
734 483 884 555 Βουτοῦς
898 475 1016 556 πόλιος
1030 471 1140 562 ἐνἈγ-

146 573 320 658 βατόνοισι
334 571 545 658 τελευτήσειν
558 568 619 639 τόν
638 577 724 658 βίον.
755 567 773 638 ὁ
788 568 905 660 μὲνδὴ
920 575 959 640 ἐν
972 587 1059 641 τοῖσι
1072 579 1141 659 Μη-

147 671 269 737 δικοῖσι
293 668 531 757 Ἀγβατάνοισι1
555 668 668 737 ἐδόκεε
694 667 905 756 τελευτήσειν
930 666 1141 757 γηραιός,ἐν

145 779 234 841 τοῖσί
245 779 279 842 οί
290 767 334 860 ήν
349 772 458 841 πάντα
473 769 514 839 τά
529 772 723 859 πρήγματα,
745 768 782 840 τό
800 773 836 840 δέ
848 771 1053 858 χρηστήριον
1065 760 1152 838 τοῖσί

145 872 183 938 ἐν
196 878 308 959 Συρίη
321 868 553 958 Ἀγβατάνοισι
569 875 661 955 ἔλεγε
677 866 752 954 ἀρα.
782 871 837 936 καί
851 865 893 955 δή
911 866 955 947 ὡς
968 869 1046 936 τότε
1060 871 1141 936 ἐπει·

145 968 288 1055 ρόμενος
301 968 445 1037 ἐπύθετο
465 974 523 1055 τῆς
540 967 656 1046 πόλιος
677 962 714 1034 τό
730 964 878 1053 ούνομα,
902 963 970 1034 ύπδ
987 974 1048 1054 τῆς
1063 987 1141 1054 σομ-

145 1075 251 1154 φορής
265 1075 322 1156 τῆς
335 1094 371 1136 τε
385 1070 422 1136 ἐκ
436 1072 498 1134 τού
511 1064 622 1151 μάγου
638 1067 904 1151 ἐκπεπληγμένος
917 1067 1048 1134 καὶτοῦ
1062 1064 1142 1154 τρό-

144 1191 246 1251 ματος
263 1165 496 1252 ἐσωφρόνησε,
518 1160 697 1250 συλλαβών
712 1164 749 1231 δέ
769 1159 807 1230 τό
828 1161 1041 1250 θεοπρόπων
1061 1161 1141 1232 εἶπε·

141 1261 305 1332 Ἐνθαύτα
318 1261 504 1351 Καμβύσην
514 1259 575 1329 τόν
585 1260 706 1347 Κόρου
720 1262 788 1328 ἐστὶ
798 1263 1020 1347 πεπρωμένον
1032 1270 1141 1331 τελευ-

94 1380 127 1434 65
143 1370 215 1430 τᾶν.
264 1362 345 1430 Τότε
361 1362 423 1447 μέν
436 1367 598 1446 τοσαῦτα,
619 1356 759 1446 ἡμέρῃσι
775 1361 811 1427 δὲ
827 1357 969 1445 ὕστερον
984 1356 1029 1440 ὦς
1043 1370 1143 1430 είκοσι

144 1459 440 1545 μεταπεμψάμενος
460 1460 619 1545 Περσέων
638 1464 707 1524 τῶν
731 1457 928 1544 παρεόντων
952 1456 1033 1536 τούς
1052 1468 1141 1549 λογι-

142 1557 314 1643 μωτάτους
336 1557 430 1642 ἔλεγέ
451 1577 513 1642 σφι
536 1556 633 1624 τάδε·
668 1549 708 1624 Ὠ
727 1559 873 1644 Πέρσαι,
901 1556 1144 1646 καταλελάβηκέ

142 1680 199 1740 με,
221 1653 258 1721 τό
280 1654 417 1723 πάυτων
438 1655 580 1741 μάλιστα
607 1661 773 1741 ἔκρυπτον
797 1655 1019 1742 πρηγμάτων,
1046 1662 1143 1724 τοῦτο

142 1753 174 1830 ἐς
188 1748 291 1838 ὑμέας
305 1755 456 1839 ἐκφῆναι.
480 1746 545 1839 ἐγω
559 1748 625 1838 γάρ
647 1749 712 1819 ἐόν
727 1753 764 1818 ἐν
779 1751 939 1843 Αίγύπτφ
955 1751 1046 1820 εἶδον
1067 1750 1144 1832 ὄψιν

142 1856 179 1921 ἐν
193 1860 239 1946 τῷ
253 1851 367 1945 ύπνφ,
388 1850 450 1938 τήν
463 1849 598 1940 μηδαμὰ
614 1852 747 1939 ὤφελον
762 1856 863 1921 ίδελν·
885 1853 1022 1922 ἐδόκεον
1038 1856 1079 1921 δέ
1090 1880 1143 1940 μοι

141 1950 284 2042 ἀγγελον
309 1951 453 2022 ἐλθόντα
469 1954 501 2030 ἐξ
519 1961 615 2020 οίκου
638 1949 827 2038 ἀγγέλλειν,
851 1947 895 2030 ὡς
912 1953 1057 2038 Σμέρδις
1078 1953 1142 2035 {36-

141 2077 241 2136 μενος
258 2055 290 2130 ἐς
311 2050 371 2119 τὸν
385 2047 561 2137 βασιλήιον
580 2049 712 2134 θρόνον
729 2048 869 2128 ψαύσειε
886 2056 925 2138 τῇ
939 2057 1070 2138 κεφαλῇ
1084 2057 1142 2118 τού

142 2146 299 2233 ούρανοῦ.
323 2153 433 2225 δείσας
460 2148 498 2216 δέ
521 2174 565 2234 μη
556 2144 823 2232 ἀπαιρεθέω
787 2172 849 2233 την
863 2143 969 2234 ἀρχὴν
984 2144 1069 2235 πρὸς
1085 2155 1143 2217 τοῦ

141 2240 364 2330 ἀδελφεού,’
348 2251 488 2364 επρίησα
510 2243 672 2330 ταχύτερα
692 2242 713 2331 η’
734 2246 865 2332 σοφύτε
867 2271 926 2334 ρα
959 2249 997 2313 ἐν
1016 2253 1057 2336 τῇ
1079 2247 1141 2335 γάρ

140 2333 339 2428 ἀνθρωπηίῃ
355 2341 438 2426 φύσι
450 2339 512 2410 οὐκ
527 2340 645 2429 ἐνήν”
623 2368 687 2426 αρα
702 2342 739 2411 τό
756 2347 878 2431 μέλλον
888 2344 1077 2431 γίνεσθαι’
1057 2372 1142 2414 απο-

139 2459 294 2521 τραπειν,
324 2434 388 2523 έγά
412 2437 486 2507 δὲδ
511 2441 650 2526 μάταιος
668 2442 871 2528 Πρηξάσπεα
896 2439 1084 2531 ἀποπέμπω
1111 2449 1142 2525 ἐς

138 2540 255 2601 Σοῦσα
272 2532 514 2605 ἀποκτενέοντα
528 2542 685 2626 Σμέρδιν.
710 2542 966 2626 ἐξεργασθέντος
982 2542 1019 2608 δὲ
1033 2548 1141 2610 κακοῦ

137 2631 300 2698 τοσούτου
321 2629 426 2712 ἀδεῶς
448 2634 649 2723 διαιτεόμην,
669 2633 799 2723 ούδαμά
817 2637 1069 2726 ἐπιλεξάμενος,
1096 2637 1142 2732 μή

137 2751 212 2793 κοτε
208 2728 272 2804 ’τίς
287 2755 343 2814 μοι
355 2733 519 2818 Σμέρδιος
534 2732 809 2849 ὑπαραιρημένου
823 2731 922 2815 ἀλλος
936 2738 1141 2829 ἐπανασταίη

136 2820 339 2909 ἀνθρώπων.
370 2826 494 2907 παντὸς
508 2829 544 2897 δέ
559 2836 620 2897 τοῦ
634 2833 812 2917 μέλλοντος
828 2833 996 2902 ἔσεσθαι
979 2836 1141 2923 αμαρτάν

134 2918 397 3009 ἀδελφεοκτόνος
411 2953 446 2994 τε
461 2923 562 2995 οὐδέν
577 2931 709 2995 δέον’
668 2954 789 3014 γεγονα
825 2934 932 2999 καὶ
892 2957 950 3018 της
964 2939 1141 3021 βασιληίης

134 3018 276 3088 ούδέν“
256 3043 355 3090 εσσον
376 3027 559 3110 ἐστέρημαι
605 3024 807 3113 Σμέρδις
765 3053 833 3147 γαρ
855 3027 936 3113 δή’
917 3055 961 3116 ην
984 3055 1002 3097 ο
1021 3057 1142 3119 μαγος,

134 3118 194 3183 τόν
210 3147 264 3186 ιιοι
280 3148 297 3188 ο
285 3119 441 3209 δαίμων
457 3127 642 3210 προέφαινε
660 3129 748 3193 ἐν
709 3152 749 3215 τη
763 3123 821 3208 ὄψι
836 3130 1139 3215 ἐπαναστήσεσθαι.

134 3239 170 3277 το
159 3188 244 3298 μέν
261 3215 299 3303 δή
317 3224 416 3306 ἔργον
432 3223 625 3308 ἐξέργασταί
631 3250 705 3310 μοι
716 3226 771 3292 καὶ
768 3226 980 3391 δΣμέρδιν
945 3253 1006 3295 τον
1017 3229 1141 3316 Κύρου

132 3312 247 3394 μηκέτι
269 3313 351 3400 ὑμῖν
375 3319 472 3387 ἐόντα
496 3328 683 3405 λογίζεσθε
715 3328 788 3391 οίδ
788 3323 911 3412 ἐὺμῑν
930 3327 1033 3416 μάγοι
1052 3355 1139 3418 κρα-

132 3409 243 3476 τέουσι
267 3421 335 3480 τῶν
360 3424 557 3504 βασιληίων,
590 3419 650 3488 τόν
673 3447 709 3488 τε
731 3426 847 3490 ἔλιπον
868 3427 1048 3514 ἐπίτροπον
1069 3436 1140 3499 τῶν
