2354 3840
282 198 364 255 ιιε.
399 200 430 253 11.
465 198 562 255 οΑΡ.
597 207 771 262 ιιε-ιιο,
969 202 1029 268 173

29 359 158 442 ξανδρος
178 352 313 423 ἀπικετο
330 358 362 432 ές
378 379 413 421 το
424 354 527 421 Ἴλιον
540 353 633 441 ἀγων
647 357 708 444 τὴν
718 358 870 448 Ἑλένην,
891 360 982 431 εάαέι·
993 389 1028 431 τε

29 455 185 541 ινεάματι
209 455 418 542 χρησάμενος
443 456 498 522 καὶ
518 455 674 545 θαλάσση
695 464 781 546 λείη·
810 463 848 527 έν
863 462 898 529 δὲ
915 458 1027 530 Ἰλιάδι

29 556 122 642 dyst,
148 551 193 632 ὡς
209 552 363 634 ἐπλάζετο
378 551 472 639 ἀγων
487 550 602 639 αὐτήν.
641 554 785 644 ’Όμηρος
801 563 863 644 μέν
886 586 950 627 νυν
973 563 1026 628 καί

29 651 53 722 ἀ
68 655 209 740 Κύπρια
227 661 306 722 ἔπεα
323 655 472 740 χαιρέτω.

102 752 293 841 Είρομένου
307 752 347 819 δέ
358 776 423 837 μευ
438 747 516 828 τούς
533 754 633 837 ίρέας,
651 759 680 820 εί
692 754 835 838 μάταιον
851 756 954 841 λόγον
971 762 1026 825 λέὲ
1046 769 1093 822 118

32 868 115 916 ουσι
132 846 329 934 ολἙλληνες
342 845 381 914 τά
398 849 474 931 περὶ
481 844 585 915 Ἴλιον
603 851 761 933 γενέσθαι
775 846 797 938 ἢ
813 848 871 937 οά,
896 859 1026 938 ἔφασαν

29 943 100 1033 πρὸς
117 953 221 1014 ταῦτα
236 944 334 1031 τάδε,
351 950 513 1033 ίστορίησι
529 947 673 1032 φάμενοι
686 951 808 1016 εἰδέναι
822 949 902 1038 παρ’
920 950 1025 1020 αὐτοῦ

29 1044 198 1112 λλενέλεω·
221 1046 335 1112 έλθεῑν
351 1043 414 1128 μέν
427 1039 492 1130 γάρ
507 1042 589 1130 μετά
604 1043 665 1131 τὴν
673 1044 805 1134 Ἑλένης
822 1046 977 1136 ἁρπαγὴν
992 1053 1024 1126 ές

29 1137 75 1229 ἦν
96 1145 264 1228 Τευκρίδα
277 1147 342 1228 γῆν
359 1140 528 1227 Ἑλλήνων
549 1141 708 1229 στρατιὴν
728 1143 855 1232 πολλὴν
872 1150 1023 1233 βωθέου-

31 1268 79 1309 αν
95 1244 272 1332 Μενέλεῳ,
294 1243 440 1329 ἐκβᾶσαν
461 1242 497 1309 δὲ
519 1244 552 1318 ές
575 1248 639 1326 γῆν
661 1245 716 1310 καί
741 1247 939 1328 ἱδρυθεῖσαν
962 1242 1024 1330 τὴν

30 1338 176 1428 ’τρατιήν
200 1343 342 1427 πέμπειν
368 1343 400 1418 ές
425 1339 461 1407 τδ
477 1338 584 1406 Ἴλιον
608 1337 786 1425 ἀγγέλους,
819 1338 885 1408 σδν
905 1345 943 1410 δέ
963 1362 1023 1429 σφι

30 1441 102 1509 έναι
125 1441 180 1506 καί
202 1436 308 1506 αὐτὸν
325 1439 513 1506 Μενέλεων.
538 1434 616 1514 τούς
633 1434 666 1503 δ’
687 1439 793 1508 έπείτε
826 1441 977 1507 ἐσελθεῖν
991 1443 1024 1519 ές

32 1537 50 1606 ὀ
69 1554 192 1625 τεῖχος,
215 1536 384 1607 ἀπαιτέειν
400 1535 536 1620 Ἑλένην
559 1537 666 1603 τεκαὶ
685 1539 725 1603 τὰ
746 1535 912 1624 χρήματα,
935 1539 975 1605 τά
991 1544 1025 1605 οἱ

30 1647 124 1723 ιίχετο
150 1641 272 1719 κλέψας
296 1633 527 1721 Ἀλέξανδρος,
549 1640 617 1701 τῶν
640 1658 675 1700 τε
698 1631 910 1719 ἀδικημάτων
931 1638 1024 1714 δίκας

30 1735 155 1803 ιίτέειν·
179 1732 256 1812 τούς
271 1733 308 1801 δὲ
327 1730 498 1818 Τευκροάς
514 1728 572 1798 τδν
588 1727 693 1798 αάτδν
708 1732 811 1817 λόγον
825 1741 935 1818 λέγειν
949 1735 1023 1801 τότε

30 1832 74 1898 ιαὶ
87 1833 285 1918 μετέπειτεν,
301 1834 356 1899 καὶ
373 1828 541 1916 ὀμνύντας
559 1833 613 1897 καί
627 1827 784 1916 ἀνωμοτί,
799 1827 843 1917 μὴ
859 1834 921 1918 μὲν
937 1837 1023 1916 ἔχειν

30 1929 149 2015 Ελένην
163 1929 245 2016 μηδὲ
256 1926 296 1996 τά
309 1926 551 2015 έπικαλεόμενα
566 1929 732 2015 χρήματα,
747 1926 821 1996 ἀλλ’
839 1929 923 1998 εἶναι
938 1926 1022 1997 αὐτά

30 2025 126 2093 πάντα
151 2029 188 2094 έν
206 2027 381 2119 Αἰγύπτῳ,
411 2029 465 2096 καί
489 2025 551 2095 οάκ
579 2024 622 2094 ἀν
650 2032 784 2106 δικαίας
809 2027 904 2099 αὐτοὶ
931 2035 1023 2108 δίκας

30 2120 153 2210 ὑπέχειν
167 2132 234 2193 τῶν
248 2123 407 2214 Πρωτεὺς
427 2123 644 2211 ὁΑίγάπτιος
661 2124 818 2212 βασιλευς
833 2134 907 2214 ἔχει.
938 2133 972 2196 οί
987 2128 1023 2194 δὲ

30 2222 164 2312 Ιλδλληνες
188 2233 434 2312 καταγελᾶσθαι
460 2227 632 2302 δοκέοντες
653 2221 712 2290 ὑπ’
736 2221 848 2292 αὐτῶν
872 2224 960 2294 οὕτω
982 2226 1022 2311 δὴ

30 2322 251 2411 ἐπολιόρκεον,
273 2327 305 2401 ές
326 2320 345 2389 ὃ
366 2327 507 2404 ἐξεῖλον·
539 2325 651 2389 ἑλοῦσι
672 2323 707 2389 δὲ
725 2320 762 2389 τδ
778 2339 882 2410 τεῖχος
899 2322 942 2403 ὡς
960 2321 1021 2391 οὐκ

30 2419 170 2503 ἐφαίνετο
190 2419 210 2509 ἡ
227 2420 358 2509 Ἑλένη,
380 2419 464 2489 ἀλλά
486 2419 546 2487 τὸν
567 2417 672 2486 αάτδν
688 2421 790 2506 λόγον
806 2429 850 2511 τῷ
872 2424 1022 2511 προτέρῳ

30 2515 271 2606 ἐπυνθάνοντο,
287 2519 376 2588 οὕτω
389 2518 429 2606 δὴ
441 2518 677 2595 πιστεύσαντες
687 2524 733 2607 τῷ
744 2519 875 2610 λόγῳ
845 2527 890 2588 τῶ
902 2521 1021 2610 πρώτῳ

30 2612 73 2679 εἰ
68 2625 211 2705 Ελληνες
231 2616 336 2686 αὐτὸν
351 2621 533 2686 Μενέλεων
548 2613 789 2684 ἀποστέλλουσι
815 2615 904 2706 παρά
923 2626 1021 2703 Πρω-

30 2712 83 2780 σία
123 2711 339 2802 Ἀπικάμενος
360 2713 433 2784 δὲ’
419 2742 436 2783 ο
456 2716 633 2791 Μενέλεως
654 2711 737 2791 ές
701 2739 763 2799 την
780 2723 955 2801 Αἴγυπτον
971 2717 1025 2782 καλ
1042 2730 1089 2782 119

31 2799 216 2890 ἵναπλάσας
237 2816 270 2891 ές
293 2839 354 2900 την
377 2795 535 2897 Μέμφιν,
565 2819 659 2888 εἴπας
680 2835 742 2895 την
771 2804 933 2894 ἀλήθειαν
953 2818 1021 2877 τῶν

31 2910 240 3017 ῑρηγμάτοιν,
263 2912 317 2978 καί
340 2913 425 2989 ξεινί
424 2934 471 2975 ων
492 2905 613 2995 ἤντησε
635 2907 791 2992 μεγάλων
814 2911 868 2974 καί
885 2906 1021 2990 Ἑλένην

31 2992 150 3074 ἷππθέα
165 3013 278 3074 κακῶν
295 3002 455 3091 ἀπέλαβε,
471 3001 555 3091 πρὸς
570 3005 606 3071 δὲ
618 3006 672 3071 και
683 3000 722 3069 τά
736 3005 862 3070 ἑωυτοῦ
873 3027 1021 3089 χρηματα

31 3104 135 3173 ῑάντα.
168 3101 279 3189 τυχάν
301 3104 415 3190 μέντοι
438 3103 567 3169 τούτων
588 3103 717 3188 ἐγένετο
733 3095 954 3176 Μενέλεως’
936 3122 1021 3218 ανηρ

31 3192 132 3282 ἷδικος
149 3205 183 3280 ές
199 3206 418 3286 Αἰγυπτίους·
449 3196 641 3266 ἀποπλείειν
654 3194 719 3284 γάρ
744 3193 1000 3284 ὡρμημένοιΝ
959 3221 1021 3262 αυ-

32 3298 77 3375 δν
92 3303 187 3393 ἶσχον
204 3300 355 3373 ἀπλοιαι
379 3299 490 3387 ἐπειδη
507 3302 544 3369 δε
564 3306 661 3367 τοῦτο
677 3299 729 3366 ἐπὶ
745 3294 872 3366 πολλδν
889 3302 1020 3364 τοιοῦτο

31 3388 60 3468 s„
67 3409 311 3493 ,ἐπιτεχνᾶται
336 3409 471 3488 πρῆγμα
497 3398 561 3468 οὐκ
587 3395 698 3469 ὅσιον
731 3393 844 3486 λαβών
871 3393 935 3481 γάρ
958 3395 1020 3462 δύο
