2354 3840
321 199 409 256 LIB.
441 200 474 254 11.
510 197 609 253 cAP.
641 202 786 260 ⁷2-77.
999 195 1062 261 153

56 356 298 444 ὑποδεωτεροι
307 359 362 424 παλ
377 355 555 434 ἐλάσσονες
570 361 618 423 ἔτι
630 354 777 442 τούτων,
794 361 911 426 πολλοὶ
926 360 961 426 δὲ
974 351 1063 445 ἦσαν

56 453 161 527 οὗτοι.
196 462 275 526 «ἔστι
290 458 327 524 δέ
342 453 364 525 δ
377 463 484 543 χῶρος
498 447 612 543 οὗτος,
636 458 733 546 ἐντῷ
747 462 784 524 αί
794 454 943 525 ὄκανδαι
959 482 1063 524 κατα-

57 556 232 643 κεχύαται,
259 553 393 624 τοιόσδε
415 578 481 633 τις·
508 551 628 639 έσβολτ)
654 554 687 632 έξ
712 551 842 640 οὐρέων
867 559 1008 621 στεινῶν
1030 553 1063 630 ές

57 658 175 730 πεδίον
189 655 284 740 μέγα,
306 649 344 720 τδ
359 652 397 720 δέ
407 655 527 718 πεδίον
540 656 639 719 τοῦτο
654 649 817 720 συνάπτει
830 658 876 744 τβ
889 657 1063 742 Αἰγυπτίῳ

57 757 170 844 πεδίφ.
209 748 316 836 1λόγος
338 752 378 818 δέ
396 752 464 817 έστι
484 748 554 834 ἅμα
574 756 620 839 τῷ
642 755 715 836 ἔαρι
730 749 919 839 πτερωτοὺς
934 748 1012 835 ὄφις
1026 751 1063 816 έκ

56 859 113 939 τῆς
133 851 289 939 Ἀραβίης
309 855 469 919 πέτεσθαι
494 847 546 918 ἐπ’
572 851 766 937 Αίγύπτου,
794 850 853 932 τὰς
874 850 904 919 δ’
925 860 990 940 ίβις
1003 847 1063 929 τὰς

56 949 202 1038 ὄρνιθας
210 943 441 1026 ὐπαντεούσας
452 949 485 1026 ἐς
497 946 559 1034 τὴν
580 947 723 1035 ἐσβολὴν
737 947 860 1036 ταύτης
879 955 938 1035 τῆς
953 946 1063 1034 χῶρης

55 1045 98 1115 οὐ
113 1049 272 1134 παριέναι
284 1042 364 1125 τούς
377 1043 465 1131 ὄφις,
485 1042 569 1113 ἀλλὰ
584 1053 820 1115 κατακτείνειν.
847 1050 903 1116 καὶ
915 1045 978 1134 τὴν
995 1044 1063 1133 ἶβιν

55 1143 114 1212 διὰ
130 1151 232 1213 τοῦτο
247 1169 286 1212 το
308 1149 408 1230 ἔργον
426 1150 624 1230 τετιμῆσθαι
637 1149 773 1232 λέγουσι
789 1144 938 1234 Ἀράβιοι
959 1143 1062 1232 μεγέ-

55 1251 123 1320 λ-ως
147 1239 232 1328 πρὸς
253 1246 464 1327 Αἰγυπτίων·
495 1239 716 1328 ὁμολογέουσι
742 1247 778 1311 δὲ
804 1249 860 1311 καλ
883 1243 1063 1330 Αἰγύπτιοι

56 1338 115 1408 διὰ
129 1345 235 1407 ταῦτα
248 1344 349 1424 τιμῶν
362 1336 423 1418 τὰς
439 1337 583 1426 ὄρνιθας
596 1339 727 1419 ταύτας.
763 1340 864 1420 mooe
877 1343 915 1410 δέ
927 1348 986 1426 τῆς
1000 1340 1062 1426 μὲν
1077 1351 1112 1407 76

56 1443 146 1526 ίβιὸς
160 1436 254 1504 τόδε·
273 1439 413 1521 μέλαινα
429 1441 547 1515 δεινῶς
560 1444 667 1525 πᾶσα,
689 1445 808 1508 σκέλεα
825 1444 863 1508 δὲ
876 1447 992 1528 φορέει
1006 1466 1064 1527 γε·

55 1534 185 1625 ράνου,
212 1533 395 1620 πρόσωπον
415 1538 452 1604 δὲ
466 1535 553 1615 έςτιὶ
568 1537 712 1624 μάλιστα
729 1540 931 1628 ἐπίγρυπον,
960 1545 1065 1628 μίγα-

55 1633 220 1714 θοςόσον
234 1637 319 1718 κρέξ.
357 1641 427 1701 τῶν
446 1637 509 1721 μέν
526 1636 567 1722 δὴ
583 1639 768 1720 μελαινέων
783 1644 851 1705 τῶν
866 1644 1064 1726 μαχομένων

56 1733 144 1818 πρὸς
160 1729 240 1810 τούς
253 1730 332 1817 ὄφις
345 1729 406 1818 ἥδε
420 1736 508 1819 ἰδέη,
531 1739 599 1800 τῶν
621 1729 652 1799 δ’
670 1737 708 1800 έν
718 1736 796 1800 ποσὶ
812 1742 940 1819 μᾶλλον
956 1741 1066 1804 είλεο-

57 1837 172 1920 μένων
195 1843 282 1899 τοῖσι
306 1826 523 1915 ἀνθρώποισι
545 1832 646 1918 (διξαὶ
671 1827 737 1915 γὰρ
756 1828 798 1916 δή
819 1836 882 1898 είσι
907 1834 944 1898 αί
966 1839 1063 1919 ἴβιες)

57 1926 140 2015 ψιλὴ
160 1926 222 2015 τὴν
245 1924 397 2014 κεφαλὴν
417 1931 473 1995 καλ
493 1926 555 2013 τὴν
570 1924 687 2014 δειρὴν
700 1933 829 2013 πᾶσαν,
860 1926 962 2015 λευκὴ
985 1953 1065 1997 πτε-

58 2023 262 2113 ροῖσι,πλὴν
286 2032 433 2112 κεφαλῆς
457 2027 597 2093 καὶτοῦ
622 2021 762 2111 αὐχένος
786 2026 842 2093 καὶ
861 2023 976 2108 ἄκρων
996 2032 1065 2093 τῶν

57 2123 237 2211 πτερύγων
257 2126 313 2201 καὶ
333 2130 394 2191 τοῦ
414 2130 562 2209 πυγαίου
586 2121 695 2208 ὄκρου
720 2130 840 2213 (ταῦτα
857 2125 893 2192 δὲ
913 2122 955 2192 τὰ
971 2123 1065 2193 εἷπον

58 2224 169 2292 πάντα
187 2220 328 2308 μέλαινά
343 2224 411 2289 ἐστι
431 2225 583 2310 δεινῶς),
610 2224 728 2290 σκέλεα
750 2222 786 2288 δὲ
807 2223 862 2289 καλ
882 2221 1066 2308 πρόσωπον

59 2318 206 2408 ἐμφερὴς
225 2328 265 2410 τῇ
287 2323 389 2409 ἑτέρη.
429 2326 490 2387 τοῦ
507 2322 544 2386 δὲ
561 2317 660 2404 ὄφιος
679 2315 700 2404 ἡ
721 2314 841 2404 μορφὴ-
851 2320 905 2403 οἵη
920 2341 983 2404 περ
997 2324 1066 2385 τῶν

57 2417 185 2505 ὕδρων.
229 2425 327 2487 πτίλα
351 2417 388 2486 δὲ
408 2414 450 2485 οὐ
470 2413 622 2500 πτερωτοὶ
644 2418 777 2502 φορέει,
807 2411 891 2481 ἀλλὰ
906 2428 992 2480 τοῖσι
1008 2420 1066 2499 τῆς

58 2520 255 2602 νυκτερίδος
269 2529 418 2603 πτεροῖσι
432 2511 576 2600 μα’λιστῶ
591 2538 633 2599 κη
648 2513 882 2597 ἐμφερέστατα.
921 2514 1066 2576 τοσαῦτα

58 2616 122 2700 μὲν
136 2618 269 2701 θηρίων
283 2616 359 2697 πέρι
374 2617 459 2696 [ρῶν
473 2610 632 2699 εἰρήσθω.

144 2707 268 2777 Αὐτῶν
282 2706 373 2796 δέδι’]
387 2714 584 2795 Αἰγυπτίων
598 2714 633 2776 οἳ
644 2708 707 2793 μὲν
719 2709 795 2792 περὶ
809 2704 872 2793 τὴν
888 2709 1064 2795 σπειρομέ-
1081 2723 1114 2780 π

59 2834 126 2894 νην
146 2817 322 2892 Αίγνπτον
348 2811 512 2892 οἰκέουσι,
548 2804 684 2893 μνήμην
711 2803 906 2891 ἀνθρώπων
929 2805 1067 2874 πάντων

60 2906 279 2982 ἐπασκέοντες
306 2905 449 2991 μάλιστα
474 2904 673 2990 λογιῶτατοί
691 2910 755 2972 είσι
775 2912 892 2996 μακρῷ
912 2910 981 2972 τῶν
1001 2899 1066 2986 έγῶ

60 3007 93 3084 ἐς
108 3001 288 3090 διέπειρον
301 3001 479 3089 ἀπικόμην.
519 3003 633 3094 τρόπφ
656 3004 692 3070 δὲ
714 3003 790 3088 ζόης
802 3007 921 3094 τοιῷδε
935 3004 1068 3088 διαχρέ-

61 3124 172 3169 ονται·
191 3105 410 3187 συρμαΐζουσι
422 3115 511 3185 τρείς
525 3099 650 3187 ἡμέρας
665 3102 779 3184 ἐπεξῆς
793 3098 899 3186 μηνός
912 3098 1066 3184 ἑκάστου,

60 3202 206 3287 ἐμέτοισι
234 3197 509 3286 δηρεόμενοιτὴν
527 3195 660 3282 ὑγίειαν
682 3199 739 3265 καὶ
760 3195 943 3283 κλύσμασι,
970 3201 1068 3280 νομί·

61 3301 172 3377 ζοντες
193 3292 258 3362 ὐπὸ
278 3302 348 3363 τῶν
367 3290 563 3385 τρεφόντων
573 3302 693 3364 ’σιτίων
714 3295 823 3372 πιέσας
841 3293 900 3374 τὰς
920 3294 1068 3371 νούσονς

60 3407 145 3462 τοῖσι
174 3389 388 3478 ἀνθρώποισι
411 3401 576 3478 γίνεσθαι.
624 3396 686 3461 είσλ
710 3390 861 3478 μὲνγὰρ
884 3395 938 3461 καὶ
959 3389 1067 3468 ἄλλως
