2354 3840
114 144 179 210 280
492 149 739 210 HERODOTI

116 302 203 393 λήια.
225 311 286 374 καί
295 331 355 393 μιν
371 304 516 395 δευτέρῳ
531 309 598 372 ἔτει
609 303 776 372 ταλάντου
786 309 964 391 Αἰγινῆται
977 308 1114 395 δημοσίῃ

118 407 335 492 μισθοῦνται,
350 410 449 495 τρίτῳ
463 407 501 471 δὲ
516 408 583 470 ἔτεϊ
593 401 767 488 Ἀθηναῖοι
784 400 903 471 ἑκατόν
916 407 1049 490 μνέων,
1064 428 1113 471 τε-
1159 470 1161 489 ,

118 503 279 594 τάρτῳδὲ
300 507 367 570 ἐτετ
390 503 610 588 Πολυκράτης
632 506 727 569 δυοῖν
740 502 922 569 ταλάντων.
945 501 1037 570 οὕτω
1056 504 1114 589 μὲν
1154 522 1157 531 ·

120 598 257 668 ἀπίκετο
280 603 313 678 ἐς
339 598 402 687 τήν
424 602 553 686 Σάμον.
588 603 644 667 καὶ
672 597 738 667 ἀπό
765 600 890 666 τούτου
911 607 975 667 τοῦ
995 597 1115 687 ἀνδρός
1158 680 1161 685 Ι

121 696 184 766 ούκ
211 697 329 785 ήκιστα
355 704 585 785 Κροτωνιήται
619 699 726 784 ἰητροί
752 693 994 781 εύδοκίμησαν·
1035 697 1115 783 [ἐμέ-

120 819 196 862 νετο
223 791 290 880 χάρ
324 787 374 862 ἀν
405 801 527 880 τοῦτο,
560 791 616 862 ὅτε
644 800 770 881 πρῶτοι
798 793 861 878 μὲν
889 799 1114 880 Κροτωνιῆται

119 896 226 982 ἰητροί
257 897 409 981 ἐλέγοντο
434 892 499 962 άνά
521 893 585 981 τήν
599 892 741 962 Ἐλλάδα
772 892 873 978 εἶναι,
904 888 1116 977 δεύτεροιδδ

119 1000 316 1079 Κυρηναῖοι.
350 991 434 1062 κατὰ
455 992 515 1062 τόν
544 991 650 1061 αὐτόν
679 995 715 1060 δέ
748 993 873 1080 χρόνον
899 996 955 1061 καὶ
979 991 1114 1078 Ἀρμεῐοι

58 1113 108 1167 132
122 1093 250 1181 ἤκουον
259 1092 426 1182 μουσικήν
438 1092 698 1182 είναιῈλλήνον
708 1101 854 1180 πρότοη.
868 1094 951 1162 Τότε
962 1096 1000 1162 δὲ
1013 1091 1034 1162 ὁ
1047 1104 1115 1177 Δη·

120 1189 269 1278 μοκήδης
289 1194 327 1259 ἐν
346 1207 432 1262 τοῖσι
446 1193 610 1261 Σούσοισι
632 1193 845 1279 ἐξιησάμενος
859 1202 1007 1279 Δαρεῖον
1027 1188 1115 1259 οἶκόν

119 1315 154 1357 τε
181 1291 339 1375 μέγιστον
370 1287 434 1376 εἶχε
461 1293 515 1358 καὶ
544 1287 767 1375 ὁμοτράπεζος
795 1290 927 1374 βασιλέϊ
949 1286 1115 1374 ἐγεγόνεε,

121 1385 211 1472 πλήν
230 1411 265 1453 τε
293 1384 368 1465 ἑνός
381 1394 443 1454 τοῦ
465 1386 666 1472 έςἝλληνας
689 1383 822 1452 ἀπιέναι
845 1384 953 1450 πάντα
976 1381 1017 1450 τὰ
1037 1380 1114 1477 ἀλλο

125 1488 158 1551 οί
170 1489 291 1569 παρῆν.
327 1486 496 1552 καὶτοῦτο
513 1483 576 1569 μὲν
595 1480 674 1561 τούς
695 1487 900 1567 Αἰγυπτίους
916 1478 1069 1569 ίητρούς,
1088 1482 1118 1547 ολ

123 1582 260 1666 βασιλέα
280 1581 445 1666 πρότερον
466 1585 590 1663 ίεῦντο,
609 1583 787 1666 μέλλοντας
797 1574 1113 1645 ἀνασκολοπιέεσθαι

124 1675 208 1743 διότι
223 1672 289 1743 ύπό
298 1675 458 1764 Ἕλληνος
471 1682 588 1763 ἰητροῦ
603 1674 819 1759 ἑσσώθησαν,
831 1672 972 1752 τούτους
984 1672 1116 1760 βασιλέα

124 1772 411 1860 παραιτησάμενος
426 1775 606 1861 ἐρρύσατο,
617 1779 715 1841 τοῦτο
733 1772 770 1839 δέ
783 1771 904 1857 μάντιν
911 1768 1042 1839 Ἠλεῖον
1050 1776 1116 1837 110·

124 1871 286 1957 λνκράτεῑ
306 1871 531 1990 ἐπισπόμενον
554 1894 610 1937 και
598 1867 879 1955 ἀπημελημένον
898 1869 936 1935 ἐν
953 1881 1039 1934 τοῖσι
1060 1863 1116 1932 ἀν-

126 1958 375 2054 δραπόδοισι.
352 1993 395 2052 ην
418 1965 457 2034 δ
480 1966 637 2054 μέγιστον
654 1969 791 2053 πρῆγμα
809 1959 1013 2049 Δημοκήδης
1032 1952 1118 2042 παρά

123 2062 263 2144 βασιλέϊ

62 2182 114 2237 133
201 2161 255 2230 Ἐν
274 2163 385 2251 χρόνῳ
413 2161 449 2229 δέ
470 2159 570 2252 ὀλίγῳ
587 2160 669 2247 μετά
693 2168 798 2229 ταῦτα
816 2161 896 2228 τάδε
910 2159 994 2229 ἀλλα
1015 2156 1119 2246 συνή-

123 2285 214 2329 νεικε
223 2260 398 2345 γενέσθαι·
423 2255 561 2345 ’Δτόσση
580 2264 620 2346 τῇ
637 2257 757 2341 Κύρου
777 2255 839 2342 μὲν
859 2258 1021 2345 θυγατρὶ,
1048 2264 1121 2323 Δα-

124 2363 218 2440 ρείου
245 2357 282 2422 δὲ
306 2356 441 2441 γυναικὶ
469 2356 522 2422 ἐπὶ
540 2359 602 2421 τοῦ
618 2359 746 2439 μαστοῦ
766 2359 832 2439 ἐῳυ
851 2360 963 2440 φῦμα,
983 2349 1065 2440 μετὰ
1086 2351 1121 2419 δδ

124 2452 264 2540 ἐκραγὲν
281 2452 414 2537 ἐνέμετο
427 2451 552 2542 πρόσῳ.
586 2448 668 2518 ὅσον
689 2450 751 2535 μὲν
772 2446 813 2535 δή
827 2451 951 2537 χρόνον
965 2444 1011 2537 ήν
1025 2456 1122 2518 ἔλασ-

124 2569 203 2634 σον,
228 2575 250 2636 η
272 2549 309 2616 δὲ
317 2549 513 2634 κρύπτουσα
537 2551 591 2615 καὶ
613 2547 836 2633 αἰσχυνομένη
853 2553 959 2635 ἔφραζ
958 2572 974 2614 ε
942 2544 1121 2629 ζούδενί,

122 2647 232 2711 ἐπείτε
257 2641 296 2710 δὲ
325 2646 363 2710 ἐν
382 2651 474 2734 κακῷ
493 2636 555 2732 ήν,
580 2645 808 2730 μετεπέμψατο
833 2640 894 2710 τόν
908 2641 1122 2759 Δημοκήδεα,

121 2744 225 2808 καί’
191 2765 221 2808 οι
237 2740 376 2818 ἐπέδεξε.
410 2711 487 2807 όδέ
503 2737 571 2826 φάς
589 2737 687 2826 ὑγιέα
707 2738 861 2824 ποιήσειν
879 2743 1012 2823 ἐξορκοῖ
1028 2729 1122 2824 μινή

120 2838 183 2923 μέν
214 2831 293 2904 οῖ’
273 2836 566 2923 αντνπουρμήσειν
588 2838 720 2922 ἐκείνην
747 2843 864 2921 τοῦτο,
889 2833 927 2902 τό
955 2832 999 2901 ἀν
1022 2831 1125 2919 αύτῆς

123 2938 247 3022 δεηδή,
261 2932 444 3021 δεήσεσθαι
459 2935 495 3002 δὲ
510 2932 650 3012 ούδενδς
666 2941 734 3002 τῶν
750 2932 812 3001 ὅσα
828 2935 861 3011 ἐς
877 2933 1041 3019 αἰσχύνην
1056 2934 1125 3001 ἐστὶ

67 3053 116 3108 134
126 3037 280 3119 φέροντα.
321 3028 380 3110 Ὡς
404 3030 441 3099 δὲ
462 3029 527 3119 ἀρα
551 3057 610 3118 μιν
638 3029 719 3118 μετὰ
746 3037 850 3099 ταῦτα
865 3029 1017 3119 δεόμενος
1028 3027 1126 3116 ὑγιέα

128 3130 282 3216 ἀπέδεξε,
306 3132 455 3199 ἐνθαῦτα
473 3128 513 3218 δή
536 3135 729 3216 διδαχθεῖσα
746 3127 812 3198 ὑπὸ
830 3136 891 3198 τοῦ
907 3129 1128 3218 Δημοκήδεος

123 3226 298 3316 ήἎτοσσα
309 3230 496 3315 προσέφερε
513 3231 551 3298 ἐν
565 3236 605 3316 τῇ
620 3235 712 3316 κοίτη
722 3234 856 3320 Δαρείῳ
867 3228 970 3315 λόγον
980 3229 1127 3299 τοιόνδε·

118 3320 158 3394 Ὦ
169 3332 330 3414 βασιλεύ,
361 3331 445 3414 έχων
461 3326 607 3413 δύναμιν
627 3326 794 3410 τοσαύτην
818 3327 974 3411 κάτησαι,
994 3326 1074 3395 οὔτε
1097 3356 1125 3395 τι
