2354 3840
62 198 103 262 76
440 211 688 271 HERODOTl

61 366 274 433 τελευτέοντα
287 372 355 434 τῶν
368 373 527 456 Περσέων
541 368 581 438 τά
596 370 788 459 οὐνόματα,
809 373 852 442 οὐ
865 375 907 444 τά
922 376 1008 467 μὲν,
1027 376 1061 449 τά

62 459 98 541 δὲ
113 458 173 548 οὐ,
188 461 272 532 ἀλλά
291 466 401 534 πάντα
416 464 547 553 δμοίως.

26 563 46 614 0
149 566 260 628 Ταῦτα
276 565 338 647 μὲν
353 561 516 651 ἀτρεκέως
533 571 596 652 ἔχω
612 569 688 652 περὶ
706 564 818 636 αὐτῶν
835 568 930 650 ελδιδς
949 578 1060 643 εἰπεῖν.

61 657 140 726 τάδε
161 663 275 744 μέντοι
296 657 341 740 ὥς
364 664 580 750 κρυπτόμενα
602 665 731 750 λέγεται
755 669 811 734 καὶ
832 664 874 735 οὐ
889 674 1063 756 σαφηνέως

62 757 138 839 περὶ
159 763 221 824 τοῦ
243 755 496 848 ἀποθανόντος,
519 757 564 840 ὡς
586 758 628 828 οὐ
642 764 808 849 πρότερον
821 765 988 834 θάπτεται
1005 764 1063 835 ἀνι

63 849 142 937 δρὸς
157 857 295 939 Πέρσεω
310 856 328 923 ὁ
349 862 450 937 νέκυς
466 861 547 943 πρὶν
564 856 609 926 ἀν
623 857 678 926 ὑπ’
697 858 837 945 ὄρνιθος
853 858 875 949 ἦ
892 862 998 943 κυνὸς
1012 866 1060 933 ἑλ·

63 956 189 1041 κυσθῇ.
228 951 356 1040 μάγους
372 955 435 1042 μέν
451 956 516 1043 γάρ
533 955 695 1045 ἀτρεκέως
711 957 788 1026 οἰδα
804 965 910 1029 ταῦτα
928 966 1063 1030 ποιεῦν-
1104 1002 1106 1041 γ

61 1069 135 1129 τας·
171 1054 344 1139 ἐμφανέως
367 1053 431 1142 γάρ
457 1054 500 1140 δὴ
523 1063 662 1125 ποιεῦσι.
709 1059 1007 1146 κατακηρώσαντες
1030 1058 1062 1129 δ’
1103 1046 1106 1118 ἶ

61 1146 110 1220 ἀν
125 1149 185 1218 τόν
199 1155 304 1220 νέκυν
318 1158 446 1240 Πέρσαι
460 1159 504 1242 γῇ
517 1154 715 1239 κρύπτουσι.
756 1151 858 1237 μάγοι
873 1154 909 1219 δὲ
924 1156 1063 1239 κεχωρί·

61 1258 156 1321 δαται
171 1249 298 1321 πολλὸν
317 1261 386 1320 τῶν
406 1279 442 1321 τε
457 1252 569 1322 ἀλλων
587 1248 782 1335 ἀνθρώπων
797 1253 853 1318 καί
867 1257 936 1317 τῶν
950 1252 990 1319 έν
1003 1254 1059 1318 Αί-

59 1355 176 1444 γύπτρι
201 1356 318 1440 ἰρέων·
358 1359 393 1422 οἰ
417 1355 480 1440 μέν
502 1351 567 1440 γάρ
590 1350 775 1437 ἁγνεύουσι
795 1354 946 1435 έμύνχον
959 1350 1064 1437 μηδὲν

62 1456 221 1536 κτείνειν,
239 1456 269 1518 εἰ
281 1447 326 1537 μὴ
342 1449 405 1517 ὅσα
419 1453 564 1519 θύουσι·
596 1454 630 1517 οἰ
646 1452 682 1515 δὲ
700 1445 740 1532 δὴ
756 1449 859 1533 μάγοι
873 1445 1064 1535 αὐτοχειρίῃ

62 1551 172 1619 πάυτα
187 1546 275 1636 πλην
289 1548 394 1630 κυνὸς
413 1556 470 1619 καί
486 1549 675 1635 ἀνθρώπου
689 1554 875 1635 κτείνουσι,
897 1552 953 1618 καλ
974 1547 1064 1637 ἀγοί·

62 1668 164 1734 νισμα
174 1654 273 1716 τοῦτο
286 1652 371 1735 μέγα
384 1657 575 1735 ποιεῦνται,
594 1653 780 1724 κτείνοντες
794 1643 917 1732 ὁμοίως
930 1646 1065 1735 μύρμη-

62 1746 123 1826 κάς
148 1772 183 1814 τε
210 1749 266 1815 καλ
289 1746 367 1834 ὄφις
394 1752 449 1817 καί
473 1741 577 1816 τάλλα
603 1742 722 1833 ἑρπετὰ
743 1746 798 1812 καί
818 1744 964 1811 πετεινά.
1012 1746 1065 1811 καὶ

63 1844 148 1932 ἀμφὶ
163 1847 226 1930 μὲν
241 1854 287 1936 τῷ
302 1847 396 1938 νόμω
411 1848 519 1937 τούτῳ
531 1849 627 1930 ἐχέτω
641 1839 685 1919 ὡς
695 1843 755 1908 ’καλ
770 1837 876 1927 ἀρχὴν
891 1843 1066 1927 ἐνομίσθη,

63 1943 175 2028 ἀνειμι
190 1945 226 2011 δέ
242 1946 295 2012 ἐπὶ
308 1943 369 2013 τὸν
383 1946 550 2034 πρότερον
564 1944 680 2027 λόγον.

26 2045 46 2097 bl
139 2038 299 2111 ’ΊΩΝΕΣ
310 2043 347 2112 δὲ
360 2047 415 2112 καί
429 2046 583 2128 Αἰολέες,
609 2038 654 2118 ὡς
668 2044 703 2107 οἰ
714 2042 820 2107 Λυδοὶ
835 2040 974 2126 τάχιστα
988 2064 1067 2108 κατ-

64 2138 251 2224 εστράφατο
275 2137 342 2208 ἀπὸ
364 2145 541 2228 Περσέων,
571 2145 720 2224 ἔπεμπον
742 2134 903 2224 ἀγγέλους
926 2142 960 2218 ές
974 2139 1068 2223 Σῦρ-

65 2244 116 2315 δις
148 2233 239 2322 παρά
264 2244 398 2326 Κῦρον,
433 2241 607 2316 ἐθέλοντες
635 2239 689 2306 ἐπὶ
713 2251 799 2305 τοῖσι
826 2234 958 2307 αὐτοῖσι
984 2238 1067 2307 εἰναι

64 2350 150 2404 τοῖσι
166 2338 221 2404 καὶ
239 2343 373 2429 Κροίσφ
387 2330 475 2425 ἦσαν
497 2337 664 2423 κατήκοοι.
707 2333 779 2403 ὁδε
793 2333 941 2415 ἀκούσας
955 2334 1067 2405 αὐτῶν

64 2434 104 2505 τά
127 2442 345 2524 προΐσχοντο,
373 2440 465 2518 ἔλεξέ
483 2459 544 2522 σφι
559 2436 679 2521 λόγον,
706 2432 814 2521 ἀνδρα
832 2432 898 2516 φάς
919 2432 1067 2523 αὐλητὴν

64 2534 180 2604 ἰδόντα
194 2538 293 2618 ἰχθῦς
313 2537 350 2603 έν
370 2542 411 2623 τῇ
425 2535 583 2623 θαλάσση
604 2531 754 2619 αὐλέειν,
781 2535 943 2603 δοκέοντά
965 2555 1066 2622 σφεας

65 2631 299 2712 ἐξελεύσεσθαι
324 2636 357 2712 ές
382 2641 464 2720 γῆν·
507 2629 551 2711 ὡς
573 2634 610 2699 δὲ
632 2637 825 2717 ψευσθῆναι
845 2638 903 2718 τῆς
926 2634 1064 2716 ἐλπίδος,

65 2737 181 2817 λαβεῖν
198 2728 451 2819 ἀμφίβληστρον
466 2735 521 2800 καὶ
539 2737 732 2817 περιβαλεῖν
745 2756 781 2796 τε
796 2736 927 2816 πλῆθος
941 2726 1066 2799 πολλῦν

64 2836 132 2898 τῦν
152 2830 284 2915 ἰχθύων
305 2833 360 2898 καί
382 2831 568 2917 ἐξειρύσαι,
589 2830 704 2898 ἰδόντα
725 2831 762 2896 δὲ
776 2831 1009 2916 παλλομένους
1022 2832 1066 2895 εἰ·

65 2941 141 2996 πεϊυ
161 2924 227 3013 ἀρα
243 2924 348 2996 αὐτὸν
364 2926 449 3016 πρὸς
465 2927 545 3008 τούς
561 2934 675 3014 ἰχθῦς·
706 2928 871 2997 Παύεσθέ
880 2954 937 3015 μοι
952 2925 1066 3015 ἀρχεύ-

65 3052 178 3112 μενοι,
203 3028 274 3093 ἐπεὶ
295 3024 370 3094 οὐδ’
390 3029 464 3115 ἐμέο
480 3024 659 3105 αὐλέοντος
673 3023 812 3113 ἠθέλετε
826 3027 996 3114 ἐκβαίνειν
1010 3022 1067 3111 δρ-

64 3123 227 3211 χεόμενοι.
269 3130 382 3211 Κῦρος
396 3127 458 3212 μὲν
473 3132 594 3193 τοῦτον
614 3124 676 3192 τὸν
692 3125 796 3211 λόγον
809 3139 895 3193 τοῖσι
905 3125 1001 3195 Ἴωσι
1015 3124 1067 3193 τισί

63 3238 149 3293 τοῖσι
168 3229 328 3294 Αἰολεῦσι
353 3232 459 3295 τῶνδε
480 3231 609 3294 εἵνεκεν
624 3231 731 3313 ἔλεξε,
756 3225 808 3293 ὅτι
834 3223 875 3313 δη
902 3228 937 3292 εί
956 3221 1067 3301 Ἴωνες

63 3322 230 3408 πρότερον
255 3321 361 3391 αὐτοῦ
386 3324 508 3413 Κύρου
533 3328 714 3411 δεηθέντος
739 3322 784 3392 δι’
813 3320 966 3410 ἀγγέλων
992 3320 1067 3389 ἀπί-

64 3427 209 3489 στασθαί
232 3441 337 3509 σφεας
364 3420 430 3490 ἀπὸ
453 3429 605 3508 Κροίσου
630 3420 693 3491 οὐκ
714 3425 907 3509 ἐπεύθοντο,
932 3418 1010 3489 τύτε
1034 3420 1066 3485 δέ
