<?xml version="1.0" encoding="UTF-8"?>
<!DOCTYPE html PUBLIC "-//W3C//DTD XHTML 1.0 Transitional//EN"
    "http://www.w3.org/TR/xhtml1/DTD/xhtml1-transitional.dtd">
<html xmlns="http://www.w3.org/1999/xhtml" xml:lang="en" lang="en">
 <head>
  <title>
</title>
<meta http-equiv="Content-Type" content="text/html;charset=utf-8" />
  <meta name='ocr-system' content='tesseract 3.04.00' />
  <meta name='ocr-capabilities' content='ocr_page ocr_carea ocr_par ocr_line ocrx_word'/>
</head>
<body>
  <div class='ocr_page' id='page_1' title='image "./herodotihistori03herogoog_0361.png"; bbox 0 0 2354 3840; ppageno 0'>
   <div class='ocr_carea' id='block_1_1' title="bbox 149 197 778 262">
    <p class='ocr_par' dir='ltr' id='par_1_1' title="bbox 149 197 778 262">
     <span class='ocr_line' id='line_1_1' title="bbox 149 197 778 262; baseline -0.011 0"><span class='ocrx_word' id='word_1_1' title='bbox 149 197 214 262; x_wconf 72' lang='lat'><strong><em>³24</em></strong></span> <span class='ocrx_word' id='word_1_2' title='bbox 529 201 778 258; x_wconf 74' lang='lat' dir='ltr'>HERODOT}</span> 
     </span>
    </p>
   </div>
   <div class='ocr_carea' id='block_1_2' title="bbox 105 357 1138 839">
    <p class='ocr_par' dir='ltr' id='par_1_2' title="bbox 105 357 1138 839">
     <span class='ocr_line' id='line_1_2' title="bbox 105 357 1138 447; baseline 0 -18"><span class='ocrx_word' id='word_1_3' title='bbox 105 373 140 430; x_wconf 77' lang='lat'><strong><em>71</em></strong></span> <span class='ocrx_word' id='word_1_4' title='bbox 239 364 349 447; x_wconf 85' lang='grc' dir='ltr'><strong><em>Ταφαί</em></strong></span> <span class='ocrx_word' id='word_1_5' title='bbox 370 360 407 427; x_wconf 73' lang='grc' dir='ltr'><strong><em>δὲ</em></strong></span> <span class='ocrx_word' id='word_1_6' title='bbox 430 365 498 427; x_wconf 80' lang='grc' dir='ltr'><strong><em>τῶν</em></strong></span> <span class='ocrx_word' id='word_1_7' title='bbox 522 357 688 445; x_wconf 87' lang='grc' dir='ltr'><strong><em>βασιλέων</em></strong></span> <span class='ocrx_word' id='word_1_8' title='bbox 710 360 748 424; x_wconf 91' lang='grc' dir='ltr'><strong><em>έν</em></strong></span> <span class='ocrx_word' id='word_1_9' title='bbox 764 359 920 445; x_wconf 75' lang='grc' dir='ltr'><strong><em>Γέρροισι</em></strong></span> <span class='ocrx_word' id='word_1_10' title='bbox 936 361 1019 444; x_wconf 81' lang='grc' dir='ltr'><strong><em>είσί,</em></strong></span> <span class='ocrx_word' id='word_1_11' title='bbox 1066 361 1138 440; x_wconf 79' lang='grc' dir='ltr'><strong><em>ἐςτδ</em></strong></span> 
     </span>
     <span class='ocr_line' id='line_1_3' title="bbox 149 451 1138 546; baseline -0.006 -18"><span class='ocrx_word' id='word_1_12' title='bbox 149 461 368 546; x_wconf 74' lang='grc' dir='ltr'><strong><em>Βορυσθένης</em></strong></span> <span class='ocrx_word' id='word_1_13' title='bbox 379 461 446 526; x_wconf 86' lang='grc' dir='ltr'><strong><em>έστὶ</em></strong></span> <span class='ocrx_word' id='word_1_14' title='bbox 457 456 683 543; x_wconf 86' lang='grc' dir='ltr'><strong><em>προσπλωτός.</em></strong></span> <span class='ocrx_word' id='word_1_15' title='bbox 707 458 869 541; x_wconf 80' lang='grc' dir='ltr'><strong><em>ἐνθαῦτα,</em></strong></span> <span class='ocrx_word' id='word_1_16' title='bbox 883 455 989 523; x_wconf 82' lang='grc' dir='ltr'><strong><em>ἐπεάν</em></strong></span> <span class='ocrx_word' id='word_1_17' title='bbox 998 451 1138 541; x_wconf 76' lang='grc' dir='ltr'><strong><em>σφιᾶαο</em></strong></span> 
     </span>
     <span class='ocr_line' id='line_1_4' title="bbox 150 550 1137 646; baseline -0.003 -23"><span class='ocrx_word' id='word_1_18' title='bbox 150 558 245 646; x_wconf 81' lang='grc' dir='ltr'><strong><em>θάνη</em></strong></span> <span class='ocrx_word' id='word_1_19' title='bbox 260 555 279 625; x_wconf 85' lang='grc' dir='ltr'><strong>ὁ</strong></span> <span class='ocrx_word' id='word_1_20' title='bbox 297 557 472 644; x_wconf 81' lang='grc' dir='ltr'><strong><em>βασιλεὺς,</em></strong></span> <span class='ocrx_word' id='word_1_21' title='bbox 493 555 626 642; x_wconf 78' lang='grc' dir='ltr'><strong><em>ὄρυγμα</em></strong></span> <span class='ocrx_word' id='word_1_22' title='bbox 645 561 707 640; x_wconf 84' lang='grc' dir='ltr'><strong><em>γῆς</em></strong></span> <span class='ocrx_word' id='word_1_23' title='bbox 728 556 814 640; x_wconf 79' lang='grc' dir='ltr'><strong><em>μέγα</em></strong></span> <span class='ocrx_word' id='word_1_24' title='bbox 832 551 1022 638; x_wconf 77' lang='grc' dir='ltr'><strong><em>ὀρύσσουσι</em></strong></span> <span class='ocrx_word' id='word_1_25' title='bbox 1035 550 1137 637; x_wconf 80' lang='grc' dir='ltr'><strong><em>τετρά-</em></strong></span> 
     </span>
     <span class='ocr_line' id='line_1_5' title="bbox 151 648 1136 742; baseline -0.003 -21"><span class='ocrx_word' id='word_1_26' title='bbox 151 678 280 742; x_wconf 90' lang='grc' dir='ltr'><strong><em>γωνον,</em></strong></span> <span class='ocrx_word' id='word_1_27' title='bbox 308 656 441 741; x_wconf 76' lang='grc' dir='ltr'><strong><em>ἑτοίμου</em></strong></span> <span class='ocrx_word' id='word_1_28' title='bbox 467 655 504 722; x_wconf 75' lang='grc' dir='ltr'><strong><em>δέ</em></strong></span> <span class='ocrx_word' id='word_1_29' title='bbox 527 659 628 721; x_wconf 89' lang='grc' dir='ltr'><strong><em>τοῦτο</em></strong></span> <span class='ocrx_word' id='word_1_30' title='bbox 651 651 852 737; x_wconf 77' lang='grc' dir='ltr'><strong><em>ποιήσαντες</em></strong></span> <span class='ocrx_word' id='word_1_31' title='bbox 876 648 1136 738; x_wconf 74' lang='grc' dir='ltr'><strong><em>ἀναλαμβάνουσι</em></strong></span> 
     </span>
     <span class='ocr_line' id='line_1_6' title="bbox 148 744 1136 839; baseline -0.005 -19"><span class='ocrx_word' id='word_1_32' title='bbox 148 749 209 820; x_wconf 88' lang='grc' dir='ltr'><strong><em>τδν</em></strong></span> <span class='ocrx_word' id='word_1_33' title='bbox 219 748 360 839; x_wconf 78' lang='grc' dir='ltr'><strong><em>νεκρὸν,</em></strong></span> <span class='ocrx_word' id='word_1_34' title='bbox 378 751 696 838; x_wconf 81' lang='grc' dir='ltr'><strong><em>κατακεκηρωμένον</em></strong></span> <span class='ocrx_word' id='word_1_35' title='bbox 710 750 774 833; x_wconf 75' lang='grc' dir='ltr'><strong><em>μέν</em></strong></span> <span class='ocrx_word' id='word_1_36' title='bbox 787 744 824 814; x_wconf 81' lang='grc' dir='ltr'><strong><em>τὸ</em></strong></span> <span class='ocrx_word' id='word_1_37' title='bbox 842 753 956 835; x_wconf 76' lang='grc' dir='ltr'><strong><em>σῶμα,</em></strong></span> <span class='ocrx_word' id='word_1_38' title='bbox 971 745 1035 834; x_wconf 83' lang='grc' dir='ltr'><strong><em>τήν</em></strong></span> <span class='ocrx_word' id='word_1_39' title='bbox 1044 747 1136 832; x_wconf 78' lang='grc' dir='ltr'><strong><em>δένη-</em></strong></span> 
     </span>
    </p>
   </div>
   <div class='ocr_carea' id='block_1_3' title="bbox 99 844 1174 3506">
    <p class='ocr_par' dir='ltr' id='par_1_3' title="bbox 99 844 1174 3506">
     <span class='ocr_line' id='line_1_7' title="bbox 150 844 1135 936; baseline -0.007 -18"><span class='ocrx_word' id='word_1_40' title='bbox 150 847 216 918; x_wconf 85' lang='grc' dir='ltr'><strong><em>δῦν</em></strong></span> <span class='ocrx_word' id='word_1_41' title='bbox 241 847 503 936; x_wconf 76' lang='grc' dir='ltr'><strong><em>ἀνασχισθεῖσαν</em></strong></span> <span class='ocrx_word' id='word_1_42' title='bbox 522 851 578 916; x_wconf 83' lang='grc' dir='ltr'><strong><em>καί</em></strong></span> <span class='ocrx_word' id='word_1_43' title='bbox 598 854 848 931; x_wconf 83' lang='grc' dir='ltr'><strong><em>καθαρθεῖσαν,</em></strong></span> <span class='ocrx_word' id='word_1_44' title='bbox 875 848 983 929; x_wconf 75' lang='grc' dir='ltr'><strong><em>πλέην</em></strong></span> <span class='ocrx_word' id='word_1_45' title='bbox 1003 844 1135 929; x_wconf 75' lang='grc' dir='ltr'><strong><em>αυιέρνν</em></strong></span> 
     </span>
     <span class='ocr_line' id='line_1_8' title="bbox 149 942 1135 1036; baseline 0.003 -19"><span class='ocrx_word' id='word_1_46' title='bbox 149 953 359 1036; x_wconf 87' lang='grc' dir='ltr'><strong><em>κεκομμένου</em></strong></span> <span class='ocrx_word' id='word_1_47' title='bbox 375 953 429 1017; x_wconf 82' lang='grc' dir='ltr'><strong><em>καὶ</em></strong></span> <span class='ocrx_word' id='word_1_48' title='bbox 443 949 655 1036; x_wconf 79' lang='grc' dir='ltr'><strong><em>θυμιήματος</em></strong></span> <span class='ocrx_word' id='word_1_49' title='bbox 671 945 727 1011; x_wconf 68' lang='grc' dir='ltr'><strong><em>καὶ</em></strong></span> <span class='ocrx_word' id='word_1_50' title='bbox 741 950 878 1011; x_wconf 65' lang='grc' dir='ltr'><strong><em>σελίνου</em></strong></span> <span class='ocrx_word' id='word_1_51' title='bbox 897 942 1135 1030; x_wconf 57' lang='lat' dir='ltr'><strong><em>mmmm</em></strong></span> 
     </span>
     <span class='ocr_line' id='line_1_9' title="bbox 149 1037 1135 1134; baseline -0.004 -21"><span class='ocrx_word' id='word_1_52' title='bbox 149 1044 297 1133; x_wconf 87' lang='grc' dir='ltr'><strong><em>άνήσου,</em></strong></span> <span class='ocrx_word' id='word_1_53' title='bbox 312 1049 591 1134; x_wconf 81' lang='grc' dir='ltr'><strong><em>συνερραμμένην</em></strong></span> <span class='ocrx_word' id='word_1_54' title='bbox 600 1041 707 1111; x_wconf 79' lang='grc' dir='ltr'><strong><em>ὀπίσω</em></strong></span> <span class='ocrx_word' id='word_1_55' title='bbox 714 1043 977 1128; x_wconf 80' lang='grc' dir='ltr'><strong><em>,καίκομίζουσι</em></strong></span> <span class='ocrx_word' id='word_1_56' title='bbox 990 1043 1029 1108; x_wconf 88' lang='grc' dir='ltr'><strong><em>έν</em></strong></span> <span class='ocrx_word' id='word_1_57' title='bbox 1042 1037 1135 1125; x_wconf 72' lang='grc' dir='ltr'><strong><em>άμάίν</em></strong></span> 
     </span>
     <span class='ocr_line' id='line_1_10' title="bbox 150 1133 1135 1229; baseline -0.008 -16"><span class='ocrx_word' id='word_1_58' title='bbox 150 1147 183 1224; x_wconf 80' lang='grc' dir='ltr'><strong><em>ἐς</em></strong></span> <span class='ocrx_word' id='word_1_59' title='bbox 199 1143 281 1213; x_wconf 85' lang='grc' dir='ltr'><strong><em>άλλο</em></strong></span> <span class='ocrx_word' id='word_1_60' title='bbox 296 1149 406 1224; x_wconf 89' lang='grc' dir='ltr'><strong><em>έθνος.</em></strong></span> <span class='ocrx_word' id='word_1_61' title='bbox 430 1152 466 1212; x_wconf 80' lang='grc' dir='ltr'><strong><em>οἳ</em></strong></span> <span class='ocrx_word' id='word_1_62' title='bbox 482 1141 582 1212; x_wconf 90' lang='grc' dir='ltr'><strong><em>δαν</em></strong></span> <span class='ocrx_word' id='word_1_63' title='bbox 600 1144 852 1229; x_wconf 79' lang='grc' dir='ltr'><strong><em>παραδέξωνται</em></strong></span> <span class='ocrx_word' id='word_1_64' title='bbox 865 1133 1116 1226; x_wconf 75' lang='grc' dir='ltr'><strong><em>κομισθέντα</em></strong></span> <span class='ocrx_word' id='word_1_65' title='bbox 1087 1161 1135 1205; x_wconf 84' lang='grc' dir='ltr'><strong><em>τοι</em></strong></span> 
     </span>
     <span class='ocr_line' id='line_1_11' title="bbox 149 1235 1135 1332; baseline -0.004 -21"><span class='ocrx_word' id='word_1_66' title='bbox 149 1242 289 1332; x_wconf 84' lang='grc' dir='ltr'><strong><em>νεκρὸν,</em></strong></span> <span class='ocrx_word' id='word_1_67' title='bbox 311 1252 444 1314; x_wconf 86' lang='grc' dir='ltr'><strong><em>ποιεῦσι</em></strong></span> <span class='ocrx_word' id='word_1_68' title='bbox 465 1244 570 1328; x_wconf 87' lang='grc' dir='ltr'><strong><em>τάπερ</em></strong></span> <span class='ocrx_word' id='word_1_69' title='bbox 591 1248 625 1311; x_wconf 81' lang='grc' dir='ltr'><strong><em>οἱ</em></strong></span> <span class='ocrx_word' id='word_1_70' title='bbox 637 1241 971 1330; x_wconf 87' lang='grc' dir='ltr'><strong><em>βασιλήιοιΣκύθαι·</em></strong></span> <span class='ocrx_word' id='word_1_71' title='bbox 992 1264 1055 1308; x_wconf 87' lang='grc' dir='ltr'><strong><em>του</em></strong></span> <span class='ocrx_word' id='word_1_72' title='bbox 1039 1235 1135 1315; x_wconf 78' lang='grc' dir='ltr'><strong><em>ύτδς</em></strong></span> 
     </span>
     <span class='ocr_line' id='line_1_12' title="bbox 149 1341 1155 1430; baseline 0.003 -23"><span class='ocrx_word' id='word_1_73' title='bbox 149 1341 415 1430; x_wconf 80' lang='grc' dir='ltr'><strong><em>ἆποτάμνονται,</em></strong></span> <span class='ocrx_word' id='word_1_74' title='bbox 436 1349 548 1430; x_wconf 83' lang='grc' dir='ltr'><strong><em>τρίχας</em></strong></span> <span class='ocrx_word' id='word_1_75' title='bbox 567 1346 829 1428; x_wconf 84' lang='grc' dir='ltr'><strong><em>περικείρονται,</em></strong></span> <span class='ocrx_word' id='word_1_76' title='bbox 852 1346 1033 1427; x_wconf 78' lang='grc' dir='ltr'><strong><em>βραχίονας</em></strong></span> <span class='ocrx_word' id='word_1_77' title='bbox 1055 1362 1155 1425; x_wconf 78' lang='grc' dir='ltr'><strong><em>αερν,</em></strong></span> 
     </span>
     <span class='ocr_line' id='line_1_13' title="bbox 149 1433 1135 1526; baseline 0 -21"><span class='ocrx_word' id='word_1_78' title='bbox 149 1438 348 1526; x_wconf 87' lang='grc' dir='ltr'><strong><em>τάμνονται,</em></strong></span> <span class='ocrx_word' id='word_1_79' title='bbox 370 1442 523 1526; x_wconf 86' lang='grc' dir='ltr'><strong><em>μέτωπον</em></strong></span> <span class='ocrx_word' id='word_1_80' title='bbox 538 1442 592 1507; x_wconf 82' lang='grc' dir='ltr'><strong><em>καὶ</em></strong></span> <span class='ocrx_word' id='word_1_81' title='bbox 613 1443 690 1521; x_wconf 79' lang='grc' dir='ltr'><strong><em>ῥῖνα</em></strong></span> <span class='ocrx_word' id='word_1_82' title='bbox 711 1437 997 1524; x_wconf 78' lang='grc' dir='ltr'><strong><em>καταμύσσονται,</em></strong></span> <span class='ocrx_word' id='word_1_83' title='bbox 1024 1433 1135 1521; x_wconf 75' lang='grc' dir='ltr'><strong><em>διάτής</em></strong></span> 
     </span>
     <span class='ocr_line' id='line_1_14' title="bbox 143 1535 1136 1626; baseline -0.002 -20"><span class='ocrx_word' id='word_1_84' title='bbox 143 1538 318 1626; x_wconf 77' lang='grc' dir='ltr'><strong><em>ἀριστερῆς</em></strong></span> <span class='ocrx_word' id='word_1_85' title='bbox 326 1535 577 1624; x_wconf 81' lang='grc' dir='ltr'><strong><em>χειρὸςόῑστούς</em></strong></span> <span class='ocrx_word' id='word_1_86' title='bbox 586 1539 827 1623; x_wconf 84' lang='grc' dir='ltr'><strong><em>διαβυνέονται.</em></strong></span> <span class='ocrx_word' id='word_1_87' title='bbox 841 1540 1003 1605; x_wconf 79' lang='grc' dir='ltr'><strong><em>ἐνθεῦτεν</em></strong></span> <span class='ocrx_word' id='word_1_88' title='bbox 1011 1535 1136 1624; x_wconf 74' lang='grc' dir='ltr'><strong><em>δὲαομί·</em></strong></span> 
     </span>
     <span class='ocr_line' id='line_1_15' title="bbox 145 1634 1137 1726; baseline -0.002 -19"><span class='ocrx_word' id='word_1_89' title='bbox 145 1647 236 1722; x_wconf 74' lang='grc' dir='ltr'><strong><em>ζουσι</em></strong></span> <span class='ocrx_word' id='word_1_90' title='bbox 251 1640 287 1706; x_wconf 83' lang='grc' dir='ltr'><strong><em>έν</em></strong></span> <span class='ocrx_word' id='word_1_91' title='bbox 300 1643 341 1726; x_wconf 79' lang='grc' dir='ltr'><strong><em>τῇ</em></strong></span> <span class='ocrx_word' id='word_1_92' title='bbox 354 1635 463 1724; x_wconf 82' lang='grc' dir='ltr'><strong><em>ἆμάξη</em></strong></span> <span class='ocrx_word' id='word_1_93' title='bbox 475 1634 536 1704; x_wconf 85' lang='grc' dir='ltr'><strong><em>τὸν</em></strong></span> <span class='ocrx_word' id='word_1_94' title='bbox 548 1638 653 1703; x_wconf 83' lang='grc' dir='ltr'><strong><em>νέκυν</em></strong></span> <span class='ocrx_word' id='word_1_95' title='bbox 668 1642 731 1703; x_wconf 86' lang='grc' dir='ltr'><strong><em>τοῦ</em></strong></span> <span class='ocrx_word' id='word_1_96' title='bbox 747 1637 898 1721; x_wconf 81' lang='grc' dir='ltr'><strong><em>βασιλέος</em></strong></span> <span class='ocrx_word' id='word_1_97' title='bbox 913 1639 946 1714; x_wconf 85' lang='grc' dir='ltr'><strong><em>ές</em></strong></span> <span class='ocrx_word' id='word_1_98' title='bbox 958 1634 1041 1704; x_wconf 76' lang='grc' dir='ltr'><strong><em>ἄλλο</em></strong></span> <span class='ocrx_word' id='word_1_99' title='bbox 1055 1641 1137 1713; x_wconf 76' lang='grc' dir='ltr'><strong><em>έδννς</em></strong></span> 
     </span>
     <span class='ocr_line' id='line_1_16' title="bbox 146 1727 1165 1824; baseline 0.001 -22"><span class='ocrx_word' id='word_1_100' title='bbox 146 1742 213 1802; x_wconf 78' lang='grc' dir='ltr'><strong><em>τῶν</em></strong></span> <span class='ocrx_word' id='word_1_101' title='bbox 227 1735 383 1823; x_wconf 72' lang='grc' dir='ltr'><strong><em>ἄρχουσι*</em></strong></span> <span class='ocrx_word' id='word_1_102' title='bbox 405 1743 440 1806; x_wconf 80' lang='grc' dir='ltr'><strong><em>οἱ</em></strong></span> <span class='ocrx_word' id='word_1_103' title='bbox 455 1738 495 1806; x_wconf 83' lang='grc' dir='ltr'><strong><em>δέ</em></strong></span> <span class='ocrx_word' id='word_1_104' title='bbox 508 1757 569 1823; x_wconf 86' lang='grc' dir='ltr'><strong><em>σφι</em></strong></span> <span class='ocrx_word' id='word_1_105' title='bbox 584 1739 736 1823; x_wconf 80' lang='grc' dir='ltr'><strong><em>ἕπονται,</em></strong></span> <span class='ocrx_word' id='word_1_106' title='bbox 760 1739 793 1815; x_wconf 90' lang='grc' dir='ltr'><strong><em>ές</em></strong></span> <span class='ocrx_word' id='word_1_107' title='bbox 809 1734 888 1814; x_wconf 81' lang='grc' dir='ltr'><strong><em>τοῦς</em></strong></span> <span class='ocrx_word' id='word_1_108' title='bbox 904 1736 1071 1824; x_wconf 87' lang='grc' dir='ltr'><strong><em>πρότερον</em></strong></span> <span class='ocrx_word' id='word_1_109' title='bbox 1084 1729 1133 1823; x_wconf 84' lang='grc' dir='ltr'><strong><em>ήλ·</em></strong></span> <span class='ocrx_word' id='word_1_110' title='bbox 1164 1727 1165 1730; x_wconf 21' lang='lat'>¹</span> 
     </span>
     <span class='ocr_line' id='line_1_17' title="bbox 145 1831 1132 1922; baseline 0 -21"><span class='ocrx_word' id='word_1_111' title='bbox 145 1845 222 1902; x_wconf 88' lang='grc' dir='ltr'><strong><em>θον.</em></strong></span> <span class='ocrx_word' id='word_1_112' title='bbox 246 1835 348 1904; x_wconf 81' lang='grc' dir='ltr'><strong><em>έπενὶν</em></strong></span> <span class='ocrx_word' id='word_1_113' title='bbox 360 1839 396 1905; x_wconf 73' lang='grc' dir='ltr'><strong><em>δὲ</em></strong></span> <span class='ocrx_word' id='word_1_114' title='bbox 407 1838 534 1915; x_wconf 78' lang='grc' dir='ltr'><strong><em>πάντας</em></strong></span> <span class='ocrx_word' id='word_1_115' title='bbox 545 1839 748 1922; x_wconf 82' lang='grc' dir='ltr'><strong><em>περιέλθωσι</em></strong></span> <span class='ocrx_word' id='word_1_116' title='bbox 758 1831 820 1902; x_wconf 87' lang='grc' dir='ltr'><strong><em>τδν</em></strong></span> <span class='ocrx_word' id='word_1_117' title='bbox 832 1837 937 1901; x_wconf 86' lang='grc' dir='ltr'><strong><em>νέκυν</em></strong></span> <span class='ocrx_word' id='word_1_118' title='bbox 947 1841 1132 1920; x_wconf 75' lang='grc' dir='ltr'><strong><em>κομίζοντες,</em></strong></span> 
     </span>
     <span class='ocr_line' id='line_1_18' title="bbox 146 1934 1131 2021; baseline 0.001 -23"><span class='ocrx_word' id='word_1_119' title='bbox 146 1935 183 1998; x_wconf 87' lang='grc' dir='ltr'><strong><em>έν</em></strong></span> <span class='ocrx_word' id='word_1_120' title='bbox 203 1934 359 2021; x_wconf 88' lang='grc' dir='ltr'><strong><em>Γέρροισι</em></strong></span> <span class='ocrx_word' id='word_1_121' title='bbox 385 1941 503 2020; x_wconf 88' lang='grc' dir='ltr'><strong><em>έσχατα</em></strong></span> <span class='ocrx_word' id='word_1_122' title='bbox 527 1934 797 2021; x_wconf 88' lang='grc' dir='ltr'><strong><em>κατοικημένοισί</em></strong></span> <span class='ocrx_word' id='word_1_123' title='bbox 822 1939 885 2001; x_wconf 86' lang='grc' dir='ltr'><strong><em>είσι</em></strong></span> <span class='ocrx_word' id='word_1_124' title='bbox 909 1939 979 1999; x_wconf 85' lang='grc' dir='ltr'><strong><em>τιῦν</em></strong></span> <span class='ocrx_word' id='word_1_125' title='bbox 1007 1935 1131 2019; x_wconf 78' lang='grc' dir='ltr'><strong><em>ἐθνέων,</em></strong></span> 
     </span>
     <span class='ocr_line' id='line_1_19' title="bbox 144 2025 1131 2122; baseline 0.003 -28"><span class='ocrx_word' id='word_1_126' title='bbox 144 2036 213 2095; x_wconf 77' lang='grc' dir='ltr'><strong><em>τῶν</em></strong></span> <span class='ocrx_word' id='word_1_127' title='bbox 227 2028 385 2118; x_wconf 87' lang='grc' dir='ltr'><strong><em>άρχουσι,</em></strong></span> <span class='ocrx_word' id='word_1_128' title='bbox 406 2034 462 2101; x_wconf 78' lang='grc' dir='ltr'><strong><em>καὶ</em></strong></span> <span class='ocrx_word' id='word_1_129' title='bbox 483 2037 521 2100; x_wconf 82' lang='grc' dir='ltr'><strong><em>έν</em></strong></span> <span class='ocrx_word' id='word_1_130' title='bbox 539 2040 615 2122; x_wconf 79' lang='grc' dir='ltr'><strong><em>τῇσι</em></strong></span> <span class='ocrx_word' id='word_1_131' title='bbox 633 2038 767 2120; x_wconf 79' lang='grc' dir='ltr'><strong><em>ταφῇσι.</em></strong></span> <span class='ocrx_word' id='word_1_132' title='bbox 801 2035 857 2098; x_wconf 79' lang='grc' dir='ltr'><strong><em>καί</em></strong></span> <span class='ocrx_word' id='word_1_133' title='bbox 876 2036 1024 2118; x_wconf 79' lang='grc' dir='ltr'><strong><em>ἔπειτεν,</em></strong></span> <span class='ocrx_word' id='word_1_134' title='bbox 1046 2025 1131 2100; x_wconf 78' lang='grc' dir='ltr'><strong><em>ἐπεάν</em></strong></span> 
     </span>
     <span class='ocr_line' id='line_1_20' title="bbox 143 2126 1130 2221; baseline 0.012 -31"><span class='ocrx_word' id='word_1_135' title='bbox 143 2127 249 2192; x_wconf 89' lang='grc' dir='ltr'><strong><em>θέωσι</em></strong></span> <span class='ocrx_word' id='word_1_136' title='bbox 266 2126 327 2194; x_wconf 86' lang='grc' dir='ltr'><strong><em>τὸν</em></strong></span> <span class='ocrx_word' id='word_1_137' title='bbox 337 2131 441 2198; x_wconf 85' lang='grc' dir='ltr'><strong><em>νέκυν</em></strong></span> <span class='ocrx_word' id='word_1_138' title='bbox 455 2134 493 2199; x_wconf 91' lang='grc' dir='ltr'><strong><em>έν</em></strong></span> <span class='ocrx_word' id='word_1_139' title='bbox 506 2138 581 2219; x_wconf 80' lang='grc' dir='ltr'><strong><em>τήσι</em></strong></span> <span class='ocrx_word' id='word_1_140' title='bbox 595 2132 722 2221; x_wconf 78' lang='grc' dir='ltr'><strong><em>θήκῃσι</em></strong></span> <span class='ocrx_word' id='word_1_141' title='bbox 736 2133 789 2199; x_wconf 81' lang='grc' dir='ltr'><strong><em>ἐπὶ</em></strong></span> <span class='ocrx_word' id='word_1_142' title='bbox 803 2131 977 2218; x_wconf 87' lang='grc' dir='ltr'><strong><em>στιβάδος,</em></strong></span> <span class='ocrx_word' id='word_1_143' title='bbox 991 2127 1130 2217; x_wconf 75' lang='grc' dir='ltr'><strong><em>παρατή·</em></strong></span> 
     </span>
     <span class='ocr_line' id='line_1_21' title="bbox 145 2224 1129 2314; baseline 0.011 -26"><span class='ocrx_word' id='word_1_144' title='bbox 145 2226 258 2302; x_wconf 87' lang='grc' dir='ltr'><strong><em>ξαντες</em></strong></span> <span class='ocrx_word' id='word_1_145' title='bbox 272 2224 390 2312; x_wconf 79' lang='grc' dir='ltr'><strong><em>αἰχμάς</em></strong></span> <span class='ocrx_word' id='word_1_146' title='bbox 411 2233 514 2296; x_wconf 88' lang='grc' dir='ltr'><strong><em>ένθεν</em></strong></span> <span class='ocrx_word' id='word_1_147' title='bbox 535 2233 591 2296; x_wconf 83' lang='grc' dir='ltr'><strong><em>καὶ</em></strong></span> <span class='ocrx_word' id='word_1_148' title='bbox 610 2236 714 2298; x_wconf 81' lang='grc' dir='ltr'><strong><em>ἔνθεν</em></strong></span> <span class='ocrx_word' id='word_1_149' title='bbox 728 2237 789 2297; x_wconf 89' lang='grc' dir='ltr'><strong><em>τοῦ</em></strong></span> <span class='ocrx_word' id='word_1_150' title='bbox 802 2236 928 2314; x_wconf 81' lang='grc' dir='ltr'><strong><em>νεκροῦ</em></strong></span> <span class='ocrx_word' id='word_1_151' title='bbox 943 2230 1029 2308; x_wconf 83' lang='grc' dir='ltr'><strong><em>ξύλα</em></strong></span> <span class='ocrx_word' id='word_1_152' title='bbox 1042 2229 1129 2310; x_wconf 71' lang='grc' dir='ltr'><strong><em>ῦτερ</em></strong></span> 
     </span>
     <span class='ocr_line' id='line_1_22' title="bbox 143 2327 1131 2418; baseline 0.008 -29"><span class='ocrx_word' id='word_1_153' title='bbox 143 2330 290 2392; x_wconf 86' lang='grc' dir='ltr'><strong><em>τείνουσι</em></strong></span> <span class='ocrx_word' id='word_1_154' title='bbox 301 2330 356 2395; x_wconf 79' lang='grc' dir='ltr'><strong><em>καί</em></strong></span> <span class='ocrx_word' id='word_1_155' title='bbox 368 2332 496 2396; x_wconf 82' lang='grc' dir='ltr'><strong><em>ἔπειτεν</em></strong></span> <span class='ocrx_word' id='word_1_156' title='bbox 507 2331 580 2416; x_wconf 74' lang='grc' dir='ltr'><strong><em>ῥιψὶ</em></strong></span> <span class='ocrx_word' id='word_1_157' title='bbox 590 2327 884 2414; x_wconf 74' lang='grc' dir='ltr'><strong><em>καταστεγάζουσι,</em></strong></span> <span class='ocrx_word' id='word_1_158' title='bbox 897 2330 935 2394; x_wconf 87' lang='grc' dir='ltr'><strong><em>έν</em></strong></span> <span class='ocrx_word' id='word_1_159' title='bbox 949 2329 987 2396; x_wconf 76' lang='grc' dir='ltr'><strong><em>δὲ</em></strong></span> <span class='ocrx_word' id='word_1_160' title='bbox 997 2336 1038 2418; x_wconf 82' lang='grc' dir='ltr'><strong><em>τή</em></strong></span> <span class='ocrx_word' id='word_1_161' title='bbox 1049 2331 1131 2413; x_wconf 67' lang='grc' dir='ltr'><strong><em>λοιπῇ</em></strong></span> 
     </span>
     <span class='ocr_line' id='line_1_23' title="bbox 145 2418 1131 2513; baseline 0.005 -23"><span class='ocrx_word' id='word_1_162' title='bbox 145 2418 332 2511; x_wconf 88' lang='grc' dir='ltr'><strong><em>εύρυχωρίη</em></strong></span> <span class='ocrx_word' id='word_1_163' title='bbox 347 2431 405 2511; x_wconf 80' lang='grc' dir='ltr'><strong><em>τῆς</em></strong></span> <span class='ocrx_word' id='word_1_164' title='bbox 420 2425 530 2513; x_wconf 84' lang='grc' dir='ltr'><strong><em>θήκης</em></strong></span> <span class='ocrx_word' id='word_1_165' title='bbox 550 2434 619 2495; x_wconf 80' lang='grc' dir='ltr'><strong><em>τῶν</em></strong></span> <span class='ocrx_word' id='word_1_166' title='bbox 634 2429 833 2494; x_wconf 85' lang='grc' dir='ltr'><strong><em>παλλακέων</em></strong></span> <span class='ocrx_word' id='word_1_167' title='bbox 846 2452 883 2494; x_wconf 88' lang='grc' dir='ltr'><strong><em>τε</em></strong></span> <span class='ocrx_word' id='word_1_168' title='bbox 903 2433 985 2511; x_wconf 92' lang='grc' dir='ltr'><strong><em>μίαν</em></strong></span> <span class='ocrx_word' id='word_1_169' title='bbox 1001 2425 1131 2495; x_wconf 80' lang='grc' dir='ltr'><strong><em>ἀποπνέ-</em></strong></span> 
     </span>
     <span class='ocr_line' id='line_1_24' title="bbox 145 2523 1151 2611; baseline 0.003 -23"><span class='ocrx_word' id='word_1_170' title='bbox 145 2525 259 2600; x_wconf 82' lang='grc' dir='ltr'><strong><em>ξαντες</em></strong></span> <span class='ocrx_word' id='word_1_171' title='bbox 271 2523 442 2594; x_wconf 81' lang='grc' dir='ltr'><strong><em>θάπτουσι</em></strong></span> <span class='ocrx_word' id='word_1_172' title='bbox 457 2530 512 2593; x_wconf 80' lang='grc' dir='ltr'><strong><em>καὶ</em></strong></span> <span class='ocrx_word' id='word_1_173' title='bbox 528 2524 590 2593; x_wconf 82' lang='grc' dir='ltr'><strong><em>τὸν</em></strong></span> <span class='ocrx_word' id='word_1_174' title='bbox 603 2527 758 2611; x_wconf 82' lang='grc' dir='ltr'><strong><em>οἰνοχόον</em></strong></span> <span class='ocrx_word' id='word_1_175' title='bbox 772 2529 827 2592; x_wconf 80' lang='grc' dir='ltr'><strong><em>καί</em></strong></span> <span class='ocrx_word' id='word_1_176' title='bbox 841 2524 1005 2611; x_wconf 88' lang='grc' dir='ltr'><strong><em>μάγειρον</em></strong></span> <span class='ocrx_word' id='word_1_177' title='bbox 1022 2528 1077 2593; x_wconf 78' lang='grc' dir='ltr'><strong><em>καί</em></strong></span> <span class='ocrx_word' id='word_1_178' title='bbox 1087 2527 1131 2591; x_wconf 83' lang='grc' dir='ltr'><strong><em>ίτ·</em></strong></span> <span class='ocrx_word' id='word_1_179' title='bbox 1146 2579 1151 2585; x_wconf 93' lang='grc'><strong><em>.</em></strong></span> 
     </span>
     <span class='ocr_line' id='line_1_25' title="bbox 144 2618 1131 2746; baseline 0.007 -63"><span class='ocrx_word' id='word_1_180' title='bbox 144 2618 296 2703; x_wconf 88' lang='grc' dir='ltr'><strong><em>ποκόμον</em></strong></span> <span class='ocrx_word' id='word_1_181' title='bbox 311 2625 365 2688; x_wconf 81' lang='grc' dir='ltr'><strong><em>καὶ</em></strong></span> <span class='ocrx_word' id='word_1_182' title='bbox 383 2624 542 2710; x_wconf 86' lang='grc' dir='ltr'><strong><em>διήκονον</em></strong></span> <span class='ocrx_word' id='word_1_183' title='bbox 553 2628 609 2693; x_wconf 83' lang='grc' dir='ltr'><strong><em>καί</em></strong></span> <span class='ocrx_word' id='word_1_184' title='bbox 620 2623 869 2746; x_wconf 75' lang='grc' dir='ltr'><strong><em>ἀγγελιηφόρον</em></strong></span> <span class='ocrx_word' id='word_1_185' title='bbox 882 2625 968 2691; x_wconf 79' lang='grc' dir='ltr'><strong><em>καὶ”</em></strong></span> <span class='ocrx_word' id='word_1_186' title='bbox 952 2648 1075 2702; x_wconf 88' lang='grc' dir='ltr'><strong><em>ιππους</em></strong></span> <span class='ocrx_word' id='word_1_187' title='bbox 1088 2622 1131 2690; x_wconf 80' lang='grc' dir='ltr'><strong><em>καλ</em></strong></span> 
     </span>
     <span class='ocr_line' id='line_1_26' title="bbox 143 2717 1168 2811; baseline 0.008 -27"><span class='ocrx_word' id='word_1_188' title='bbox 143 2725 211 2784; x_wconf 79' lang='grc' dir='ltr'><strong><em>τῶν</em></strong></span> <span class='ocrx_word' id='word_1_189' title='bbox 226 2717 367 2787; x_wconf 65' lang='grc' dir='ltr'><strong><em>άλλων“</em></strong></span> <span class='ocrx_word' id='word_1_190' title='bbox 351 2723 511 2791; x_wconf 88' lang='grc' dir='ltr'><strong><em>απάντων</em></strong></span> <span class='ocrx_word' id='word_1_191' title='bbox 526 2722 675 2811; x_wconf 82' lang='grc' dir='ltr'><strong><em>άπαρχάς</em></strong></span> <span class='ocrx_word' id='word_1_192' title='bbox 690 2726 744 2791; x_wconf 81' lang='grc' dir='ltr'><strong><em>καὶ</em></strong></span> <span class='ocrx_word' id='word_1_193' title='bbox 760 2725 882 2809; x_wconf 86' lang='grc' dir='ltr'><strong><em>φιάλας</em></strong></span> <span class='ocrx_word' id='word_1_194' title='bbox 895 2726 1056 2810; x_wconf 84' lang='grc' dir='ltr'><strong><em>χρυσέας</em></strong></span> <span class='ocrx_word' id='word_1_195' title='bbox 1081 2719 1132 2806; x_wconf 77' lang='grc' dir='ltr'><strong><em>ἆρ-</em></strong></span> <span class='ocrx_word' id='word_1_196' title='bbox 1164 2743 1168 2792; x_wconf 75' lang='grc' dir='ltr'><strong><em>ι</em></strong></span> 
     </span>
     <span class='ocr_line' id='line_1_27' title="bbox 142 2816 1174 2948; baseline 0.007 -66"><span class='ocrx_word' id='word_1_197' title='bbox 142 2816 237 2906; x_wconf 86' lang='grc' dir='ltr'><strong><em>γύρφ</em></strong></span> <span class='ocrx_word' id='word_1_198' title='bbox 249 2818 285 2884; x_wconf 78' lang='grc' dir='ltr'><strong><em>δέ</em></strong></span> <span class='ocrx_word' id='word_1_199' title='bbox 296 2817 396 2886; x_wconf 76' lang='grc' dir='ltr'><strong><em>οὐδὲν</em></strong></span> <span class='ocrx_word' id='word_1_200' title='bbox 410 2819 490 2890; x_wconf 77' lang='grc' dir='ltr'><strong><em>οὐδὲ</em></strong></span> <span class='ocrx_word' id='word_1_201' title='bbox 502 2831 613 2948; x_wconf 75' lang='grc' dir='ltr'><strong><em>χαλκφ</em></strong></span> <span class='ocrx_word' id='word_1_202' title='bbox 624 2826 794 2909; x_wconf 90' lang='grc' dir='ltr'><strong><em>χρέονται·</em></strong></span> <span class='ocrx_word' id='word_1_203' title='bbox 816 2830 921 2891; x_wconf 92' lang='grc' dir='ltr'><strong><em>ταῦτα</em></strong></span> <span class='ocrx_word' id='word_1_204' title='bbox 932 2827 970 2892; x_wconf 77' lang='grc' dir='ltr'><strong><em>δὲ</em></strong></span> <span class='ocrx_word' id='word_1_205' title='bbox 979 2825 1131 2912; x_wconf 80' lang='grc' dir='ltr'><strong><em>ποιήσων</em></strong></span> <span class='ocrx_word' id='word_1_206' title='bbox 1160 2860 1174 2917; x_wconf 71' lang='grc' dir='ltr'><strong><em>η,</em></strong></span> 
     </span>
     <span class='ocr_line' id='line_1_28' title="bbox 142 2917 1174 3045; baseline 0.016 -66"><span class='ocrx_word' id='word_1_207' title='bbox 142 2939 195 2992; x_wconf 90' lang='grc' dir='ltr'><strong><em>τες</em></strong></span> <span class='ocrx_word' id='word_1_208' title='bbox 211 2921 306 3000; x_wconf 85' lang='grc' dir='ltr'><strong><em>χοῦσι</em></strong></span> <span class='ocrx_word' id='word_1_209' title='bbox 320 2917 443 2997; x_wconf 88' lang='grc' dir='ltr'><strong><em>πάντες</em></strong></span> <span class='ocrx_word' id='word_1_210' title='bbox 456 2928 550 3007; x_wconf 77' lang='grc' dir='ltr'><strong><em>χῶμα</em></strong></span> <span class='ocrx_word' id='word_1_211' title='bbox 563 2926 666 3009; x_wconf 86' lang='grc' dir='ltr'><strong><em>μέγα,</em></strong></span> <span class='ocrx_word' id='word_1_212' title='bbox 690 2920 924 3045; x_wconf 85' lang='grc' dir='ltr'><strong><em>αμιλλεόμενοι</em></strong></span> <span class='ocrx_word' id='word_1_213' title='bbox 938 2927 994 2993; x_wconf 79' lang='grc' dir='ltr'><strong><em>καὶ</em></strong></span> <span class='ocrx_word' id='word_1_214' title='bbox 1011 2932 1133 3013; x_wconf 72' lang='grc' dir='ltr'><strong><em>προδν·</em></strong></span> <span class='ocrx_word' id='word_1_215' title='bbox 1161 2922 1174 2959; x_wconf 73' lang='lat'>¹</span> 
     </span>
     <span class='ocr_line' id='line_1_29' title="bbox 99 3013 1133 3110; baseline 0.009 -30"><span class='ocrx_word' id='word_1_216' title='bbox 99 3027 132 3082; x_wconf 67' lang='grc' dir='ltr'><strong><em>Ἰν</em></strong></span> <span class='ocrx_word' id='word_1_217' title='bbox 142 3013 299 3100; x_wconf 87' lang='grc' dir='ltr'><strong><em>μεύμενοι</em></strong></span> <span class='ocrx_word' id='word_1_218' title='bbox 312 3013 356 3095; x_wconf 82' lang='grc' dir='ltr'><strong><em>ὡς</em></strong></span> <span class='ocrx_word' id='word_1_219' title='bbox 367 3019 524 3105; x_wconf 89' lang='grc' dir='ltr'><strong><em>μέγιστον</em></strong></span> <span class='ocrx_word' id='word_1_220' title='bbox 538 3027 683 3106; x_wconf 83' lang='grc' dir='ltr'><strong><em>ποιῆσαι.</em></strong></span> <span class='ocrx_word' id='word_1_221' title='bbox 724 3016 898 3089; x_wconf 84' lang='grc' dir='ltr'><strong><em>Ἐυιαυτοῦ</em></strong></span> <span class='ocrx_word' id='word_1_222' title='bbox 912 3022 948 3090; x_wconf 74' lang='grc' dir='ltr'><strong><em>δέ</em></strong></span> <span class='ocrx_word' id='word_1_223' title='bbox 962 3044 1133 3110; x_wconf 73' lang='grc' dir='ltr'><strong><em>περιφερο</em></strong></span> 
     </span>
     <span class='ocr_line' id='line_1_30' title="bbox 140 3110 1134 3208; baseline 0.005 -27"><span class='ocrx_word' id='word_1_224' title='bbox 140 3117 245 3200; x_wconf 88' lang='grc' dir='ltr'><strong><em>μένου</em></strong></span> <span class='ocrx_word' id='word_1_225' title='bbox 271 3110 365 3195; x_wconf 86' lang='grc' dir='ltr'><strong><em>αύτις</em></strong></span> <span class='ocrx_word' id='word_1_226' title='bbox 390 3127 522 3187; x_wconf 88' lang='grc' dir='ltr'><strong><em>ποιεῦσι</em></strong></span> <span class='ocrx_word' id='word_1_227' title='bbox 552 3120 701 3189; x_wconf 87' lang='grc' dir='ltr'><strong><em>τοιόνδε·</em></strong></span> <span class='ocrx_word' id='word_1_228' title='bbox 735 3119 895 3208; x_wconf 85' lang='grc' dir='ltr'><strong><em>λαβόντες</em></strong></span> <span class='ocrx_word' id='word_1_229' title='bbox 920 3129 989 3189; x_wconf 81' lang='grc' dir='ltr'><strong><em>τῶν</em></strong></span> <span class='ocrx_word' id='word_1_230' title='bbox 1016 3125 1134 3190; x_wconf 82' lang='grc' dir='ltr'><strong><em>λοιπύτ</em></strong></span> 
     </span>
     <span class='ocr_line' id='line_1_31' title="bbox 138 3214 1134 3339; baseline 0.005 -59"><span class='ocrx_word' id='word_1_231' title='bbox 138 3214 361 3295; x_wconf 87' lang='grc' dir='ltr'><strong><em>θεραπόντων</em></strong></span> <span class='ocrx_word' id='word_1_232' title='bbox 383 3215 460 3296; x_wconf 87' lang='grc' dir='ltr'><strong><em>τοῦς</em></strong></span> <span class='ocrx_word' id='word_1_233' title='bbox 472 3220 761 3339; x_wconf 79' lang='grc' dir='ltr'><strong><em>ἐπιτηδεοτάτους</em></strong></span> <span class='ocrx_word' id='word_1_234' title='bbox 785 3231 819 3310; x_wconf 89' lang='grc' dir='ltr'><strong><em>(ο</em></strong></span> <span class='ocrx_word' id='word_1_235' title='bbox 801 3226 835 3289; x_wconf 82' lang='grc' dir='ltr'><strong><em>οἱ</em></strong></span> <span class='ocrx_word' id='word_1_236' title='bbox 855 3225 894 3289; x_wconf 92' lang='grc' dir='ltr'><strong><em>δέ</em></strong></span> <span class='ocrx_word' id='word_1_237' title='bbox 920 3228 983 3290; x_wconf 89' lang='grc' dir='ltr'><strong><em>είσι</em></strong></span> <span class='ocrx_word' id='word_1_238' title='bbox 1004 3221 1134 3290; x_wconf 84' lang='grc' dir='ltr'><strong><em>Σκύθαι</em></strong></span> 
     </span>
     <span class='ocr_line' id='line_1_32' title="bbox 140 3306 1135 3406; baseline 0.007 -29"><span class='ocrx_word' id='word_1_239' title='bbox 140 3315 304 3395; x_wconf 78' lang='grc' dir='ltr'><strong><em>ἐγγενέες·</em></strong></span> <span class='ocrx_word' id='word_1_240' title='bbox 327 3306 422 3383; x_wconf 82' lang='grc' dir='ltr'><strong><em>οὗτοι</em></strong></span> <span class='ocrx_word' id='word_1_241' title='bbox 440 3315 505 3404; x_wconf 84' lang='grc' dir='ltr'><strong><em>γάρ</em></strong></span> <span class='ocrx_word' id='word_1_242' title='bbox 527 3315 568 3405; x_wconf 92' lang='grc' dir='ltr'><strong><em>δη</em></strong></span> <span class='ocrx_word' id='word_1_243' title='bbox 590 3321 823 3406; x_wconf 88' lang='grc' dir='ltr'><strong><em>θεραπεύουσι</em></strong></span> <span class='ocrx_word' id='word_1_244' title='bbox 838 3319 919 3400; x_wconf 82' lang='grc' dir='ltr'><strong><em>τοῦς</em></strong></span> <span class='ocrx_word' id='word_1_245' title='bbox 937 3318 982 3389; x_wconf 84' lang='grc' dir='ltr'><strong><em>άν</em></strong></span> <span class='ocrx_word' id='word_1_246' title='bbox 1005 3314 1135 3400; x_wconf 85' lang='grc' dir='ltr'><strong><em>αύτδςὸ</em></strong></span> 
     </span>
     <span class='ocr_line' id='line_1_33' title="bbox 138 3406 1136 3506; baseline 0.015 -32"><span class='ocrx_word' id='word_1_247' title='bbox 138 3406 295 3495; x_wconf 84' lang='grc' dir='ltr'><strong><em>βασιλεύς</em></strong></span> <span class='ocrx_word' id='word_1_248' title='bbox 309 3416 465 3500; x_wconf 87' lang='grc' dir='ltr'><strong><em>κελεῦση,</em></strong></span> <span class='ocrx_word' id='word_1_249' title='bbox 489 3415 723 3504; x_wconf 76' lang='grc' dir='ltr'><strong><em>ἀργυρώνητοι</em></strong></span> <span class='ocrx_word' id='word_1_250' title='bbox 739 3416 835 3486; x_wconf 71' lang='grc' dir='ltr'><strong><em>δὲ’</em></strong></span> <span class='ocrx_word' id='word_1_251' title='bbox 796 3446 858 3486; x_wconf 89' lang='grc' dir='ltr'><strong><em>ουκ</em></strong></span> <span class='ocrx_word' id='word_1_252' title='bbox 880 3426 946 3488; x_wconf 88' lang='grc' dir='ltr'><strong><em>είσί</em></strong></span> <span class='ocrx_word' id='word_1_253' title='bbox 956 3440 1018 3506; x_wconf 92' lang='grc' dir='ltr'><strong><em>σφι</em></strong></span> <span class='ocrx_word' id='word_1_254' title='bbox 1034 3417 1136 3505; x_wconf 77' lang='grc' dir='ltr'><strong><em>θερί</em></strong></span> 
     </span>
    </p>
   </div>
   <div class='ocr_carea' id='block_1_4' title="bbox 60 3564 179 3616">
    <p class='ocr_par' dir='ltr' id='par_1_4' title="bbox 60 3564 179 3616">
     <span class='ocr_line' id='line_1_34' title="bbox 60 3564 179 3616; baseline 0 0"><span class='ocrx_word' id='word_1_255' title='bbox 60 3564 179 3616; x_wconf 56' lang='lat' dir='ltr'><strong>A</strong></span> 
     </span>
    </p>
   </div>
   <div class='ocr_carea' id='block_1_5' title="bbox 1174 896 1178 1737">
    <p class='ocr_par' dir='ltr' id='par_1_5' title="bbox 1174 896 1178 1737">
     <span class='ocr_line' id='line_1_35' title="bbox 1174 896 1178 1737; baseline 0 0"><span class='ocrx_word' id='word_1_256' title='bbox 1174 896 1178 1737; x_wconf 95' lang='lat' dir='ltr'><strong><em> </em></strong></span> 
     </span>
    </p>
   </div>
   <div class='ocr_carea' id='block_1_6' title="bbox 0 0 1182 3840">
    <p class='ocr_par' dir='ltr' id='par_1_6' title="bbox 0 0 1182 3840">
     <span class='ocr_line' id='line_1_36' title="bbox 0 0 1182 3840; baseline 0 1"><span class='ocrx_word' id='word_1_257' title='bbox 0 0 1182 3840; x_wconf 95' lang='lat' dir='ltr'><strong><em> </em></strong></span> 
     </span>
    </p>
   </div>
  </div>
 </body>
</html>
