2354 3840
150 205 214 269 286
538 205 790 264 HERODOTI

150 372 265 451 πρῶτα
280 365 342 451 μὲν
355 359 658 447 ΔιόςἘλευθερίου
673 359 791 450 βωμὸν
814 361 990 451 ίδράσατο,
1018 367 1076 432 καί
1097 371 1146 434 τέ-

150 490 251 552 μενος
264 466 349 551 περὶ·
362 460 468 531 αὐτον
488 460 604 549 οὔρισε
624 467 724 530 τοῦτο
764 460 802 531 τά
825 469 892 531 νῦν
908 469 947 532 ἐν
967 471 1014 555 τῷ
1044 488 1148 553 προα-

150 570 247 652 στείῳ
262 562 345 644 ἐστί,
372 555 454 646 μετά
472 559 509 625 δέ
524 556 569 636 ὥς
584 561 618 626 οί
632 559 826 646 ἐπεποίητο,
852 561 1032 648 ἐκκλησίην
1045 583 1148 630 συνα-

146 668 260 749 γείρας
284 659 423 727 πάντων
445 663 514 724 τῶν
535 653 646 724 άστοὸν
663 662 752 737 ἔλεξε
765 657 861 727 τάδε·
891 655 998 746 Ἐμοὶ,
1022 659 1069 741 ὡς
1084 671 1149 731 ίστε

147 761 201 827 καὶ
216 755 328 843 ὑμεῖς,
347 760 516 842 σκῆπτρον
535 754 591 820 καί
609 754 752 840 δύναμις
766 761 858 822 πᾶσα
876 752 898 843 ἡ
913 759 1148 843 Πολυκράτεος

146 855 392 937 ἐπιτέτραπται,
408 856 467 918 καί
478 874 535 936 μοι
551 852 686 937 παρέχει
703 857 770 918 νῦν
782 848 896 938 ὑμέων
912 850 1046 940 άρχειν·
1087 853 1148 943 ἐμοὶ

145 953 182 1018 δέ
192 946 232 1016 τά
243 956 290 1039 τῷ
304 951 405 1026 πέλας
416 945 617 1035 ἐπιπλήσσω,
630 945 731 1026 αὐτὸς
741 946 824 1016 κατά
839 948 985 1035 δύναμιν
996 948 1148 1041 οάποιη·

146 1069 211 1116 σω·
227 1045 304 1114 οὔτε
318 1046 383 1134 γάρ
394 1073 452 1134 μοι
461 1045 681 1131 Πολυκράτης
694 1043 815 1133 ἤρεσκε
831 1047 1003 1128 δεσπόζων
1013 1045 1147 1135 άνδροῖν

130 1145 272 1235 ,ὁμοίων
286 1148 398 1236 ἑωυτῷ
419 1142 497 1212 οὔτε
518 1141 633 1228 άλλος,
661 1141 752 1221 ὅστις
765 1151 903 1212 τοιαῦτα
916 1147 1032 1215 ποιέει.
1078 1156 1146 1217 Πο-

143 1244 310 1333 λυκράτης
334 1245 397 1330 μέν
418 1268 485 1309 νυν
508 1241 663 1326 ἐξέπλησε
685 1254 807 1327 μοῖραν
822 1238 886 1329 τὴν
907 1244 1053 1331 ἐωυτοῠ,
1084 1242 1144 1332 ἐμά

144 1341 180 1410 δέ
201 1344 235 1420 ἐς
248 1343 351 1428 μέσον
374 1335 437 1426 τὴν
454 1335 560 1426 άρχήυ
578 1338 684 1415 τιθείς
705 1343 880 1425 ἰσονομίην
901 1337 983 1427 ὑμῖν
996 1365 1140 1427 προαγο-

142 1438 241 1523 ρεύω.
286 1437 407 1505 τοσάδε
423 1438 537 1522 μέντοι
551 1439 670 1502 δικαιῶ
685 1437 784 1522 γέρεα
800 1439 954 1528 ἐμεωυτῷ
972 1443 1141 1527 γενέσθαι,

141 1539 178 1603 ἐκ
195 1561 257 1620 μεν
280 1560 319 1621 γε
336 1541 406 1602 τῶν
422 1532 658 1620 Πολυκράτεος
677 1535 856 1621 χρημάτων
870 1538 1020 1623 ἐξαίρετα
1037 1542 1072 1620 ἐξ
1087 1541 1143 1609 τά·

142 1633 247 1703 λαντά
263 1660 320 1719 μοι
330 1634 506 1718 γενέσθαι,
523 1632 696 1717 ἱρωσύνην
713 1633 750 1701 δὲ
766 1631 852 1719 πρὸς
865 1634 1015 1704 τοάτοισι
1029 1643 1142 1724 αἱρεῦ-

141 1759 200 1818 μαι
217 1730 307 1821 αάτῷ
321 1733 358 1798 τέ
369 1755 426 1817 μοι
440 1732 495 1798 καὶ
509 1744 594 1798 τοῖσι
605 1727 664 1796 ἄπ’
684 1732 764 1816 ἐμεῦ
781 1732 845 1798 αἰεὶ
859 1734 1068 1819 γινομένοισι
1083 1743 1141 1802 τοῦ

140 1827 225 1909 Διὸς
240 1836 302 1898 τοῦ
319 1826 550 1914 Ἐλευθερίου,
561 1835 611 1919 τῷ
626 1825 727 1906 αὐτός
743 1855 779 1895 τε
793 1827 870 1913 ι’ρὸν
879 1832 1073 1917 ἱδρυσάμην
1089 1834 1140 1900 καί

140 1925 202 2014 τὴν
216 1930 413 2012 ἐλευθερίην
429 1924 511 2011 ὑμῖν
525 1932 727 2011 περιτίθημι.
759 1925 796 1994 ‘0
810 1926 872 2013 μὲν
883 1926 923 2012 δὴ
939 1936 1044 1997 ταῦτα
1057 1945 1139 1999 τοῖσι

139 2030 298 2111 Σαμίοισι
309 2024 526 2109 ἐπηγγέλλετο
544 2074 554 2109 ,
569 2031 637 2090 τῶν
649 2026 689 2092 δέ
696 2050 745 2102 τις
756 2024 936 2104 ἐξαναστάς
954 2026 1039 2095 εἶπε·
1059 2025 1137 2097 Ἀλλ’

140 2118 214 2189 οὐδ’
234 2116 379 2198 άξιοςεῖς
389 2117 433 2185 σά
439 2144 477 2202 γε
487 2116 600 2204 ἡμέων
611 2118 741 2206 άρχειν,
754 2123 902 2207 γεγονώς
912 2148 948 2190 τε
963 2131 1074 2203 κακοῖς
1087 2127 1139 2192 καὶ

138 2215 204 2284 ἐάν
215 2215 367 2303 ὄλεθρος,
383 2211 467 2284 ἄλλά
482 2223 610 2301 μᾶλλον
624 2214 711 2295 ὅκως
725 2219 830 2302 λόγον
846 2219 966 2299 διέσεις
976 2227 1047 2288 τοῖν
1061 2247 1138 2308 μετ-

78 2335 125 2390 ιςς
137 2319 298 2399 εχείρισας
316 2311 502 2399 χρημάτων.
551 2321 663 2381 Ταῦτα
681 2313 751 2382 εἶπε
767 2312 833 2383 ἐάν
851 2318 890 2383 ἐν
910 2331 997 2385 τοῖσι
1009 2315 1137 2388 άστοϊσι

136 2411 290 2497 δόκιμος,
318 2416 364 2498 τῷ
385 2408 515 2496 οὔνομα
538 2403 583 2496 ἦν
600 2412 811 2497 Τελέσαρχος.
857 2413 1074 2499 Μαιάνδριος
1102 2418 1137 2484 δὲ

135 2508 204 2576 νόω
218 2503 349 2624 λαβράν,
383 2503 472 2584 ὡςεί
489 2505 624 2594 μετήσει
645 2503 708 2593 τὴν
725 2504 847 2594 άρχην,
874 2506 975 2587 ἄλλος
995 2536 1046 2589 τις
1062 2508 1135 2579 ἄντ’

132 2602 240 2672 αὐτοῦ
255 2601 421 2722 τύραννος
432 2603 725 2725 καταστησετμι,ου
714 2599 776 2692 ’δη
785 2609 832 2672 ἐτι
844 2609 882 2672 ἐν
895 2605 964 2696 νόω
983 2605 1049 2692 ειχε
1059 2634 1137 2694 μετ-

135 2705 222 2769 ιέναι
232 2696 356 2784 αὐτην,
382 2697 456 2768 ἄλλ’
474 2697 518 2779 ὡς
533 2697 723 2787 άνεχωρησε
740 2699 822 2780 ἐς
787 2728 849 2788 την
863 2673 1067 2824 άκράπολιν,
1077 2731 1136 2792 με·

123 2793 390 2879 ,ταπεμπόμενος
402 2796 462 2860 ἕνα
475 2797 626 2882 ἕκαστον,
645 2823 690 2875 ως
704 2795 745 2884 δη
760 2797 863 2884 λόγον
878 2805 947 2866 τῶν
956 2802 1135 2887 χρημάτων

134 2891 270 2980 δώσων,
299 2894 464 2980 συνέλαβέ
486 2913 591 2978 σφεας
606 2921 662 2963 και
650 2897 846 2983 κατέδησε.
876 2921 907 2964 οι
900 2899 985 2982 μὲν
1005 2896 1046 2986 δη
1063 2902 1136 2967 ἐδε-

134 2995 246 3076 δέατο,
264 2991 480 3077 Μαιάνδριον
491 2992 528 3060 δέ
540 2989 623 3078 μετά
637 2999 741 3061 ταῦτα
752 2996 911 3080 κατέλαβε
925 3002 1057 3077 νοῦσος.
1080 3001 1135 3068 ἐλ-

47 3169 50 3175 ,
132 3094 237 3168 πί-ζωυ
253 3090 293 3156 δέ
303 3116 362 3174 μιν
377 3086 659 3158 αποθανέεσθαι
644 3117 663 3157 ο
680 3087 905 3182 ἀδελφεός,
874 3097 920 3159 τῶ
936 3117 1065 3180 ουυομα
1090 3090 1136 3183 ἦν

131 3187 386 3275 Λυκάρητος,”
371 3214 428 3255 ινα
442 3185 682 3308 εὐπετεστέρως
698 3190 844 3278 κατάσχη
856 3216 897 3256 τα
918 3192 955 3258 ἐν
972 3216 1013 3280 τη
998 3192 1134 3313 Σάμμτ

131 3285 324 3407 πράγματα,
346 3292 550 3356 κατακτείνει
568 3311 648 3452 τους
662 3286 831 3373 δεσμώτας
845 3289 989 3366 πάντας
1011 3288 1053 3358 οά
1067 3289 1133 3377 γάρ

56 3391 111 3444 m
119 3381 227 3472 ἅμ’,
197 3411 245 3465 ως
258 3393 388 3475 οἴκασι,
415 3381 648 3476 ἐβούλουτοῖ
621 3409 706 3452 ευαι
720 3383 902 3469 ἐλεύθεροι
935 3382 1110 3473 Ἐπειδὴ
1082 3415 1132 3456 ων

112 3540 222 3576 ,Δ
