2354 3840
327 179 411 235 τιν.
443 182 474 236 ιι.
511 179 609 235 οΑΡ.
644 186 744 238 132-
762 189 820 244 ιιι.
1016 178 1078 245 185

65 342 184 407 ποδῶν
197 341 427 407 καταδέουσαν
438 341 549 405 κῶλον
560 338 702 404 ἕκαστον
712 345 816 426 τριῶν
827 342 986 427 πλέθρων
997 343 1078 410 ἐού-

65 456 129 523 σης
142 435 372 523 τετραγώνου,
386 443 490 505 λίθου
504 433 540 501 δέ
556 435 590 512 ἐς
605 430 643 502 τδ
657 433 763 521 ἥμισυ
773 442 989 506 Αδθιοπικοῦ.
1013 437 1077 526 τήν

65 532 109 621 δὴ
127 535 332 623 μετεξέτεροί
345 555 428 621 φασι
438 530 610 619 Ἑλλήνων
619 529 796 612 Ῥοδώπιος
811 536 942 622 ἑταίρης
955 563 1077 621 γυναι-

64 629 127 710 κδς
141 629 243 719 εἷναι,
266 629 329 701 οῦκ
350 629 464 720 ὀρθῶς
485 634 657 715 λέγοντες·
680 628 760 700 οῦδὲ
781 624 831 700 ῶν
851 631 932 701 οὐδὲ
953 636 1077 715 εἰδότες

63 754 123 816 μοι
138 735 316 816 φαίνονται
329 734 441 816 λέγειν
456 719 551 796 οὗτοι
570 727 642 816 ἥτις
657 721 738 817 ἦνὴ
755 727 928 811 Ῥοδῶπις·
952 730 993 800 ού
1010 730 1076 821 γάρ

64 825 110 894 άν
125 831 161 894 ολ
171 833 342 916 πυραμίδα
358 825 528 897 ἀνέθεσαν
541 825 747 912 ποιήσασθαι
762 829 940 919 τοιαύτην,
966 833 999 910 ές
1013 829 1076 919 τὴν

63 926 242 995 ταλάντων
254 927 399 1014 χιλιάδες
413 925 639 1016 ἀναρίθμητοι
657 924 703 1007 ῶς
716 927 807 1018 λόγῳ
822 935 926 997 εἰπεῖν
942 927 1076 998 άναισί-

63 1051 210 1111 μωνται·
233 1025 317 1115 πρὸς
332 1027 368 1095 δέ
383 1025 436 1095 ὅτι
452 1023 536 1094 κατά
545 1025 689 1112 ’Ἄμασιν
709 1027 931 1114 βασιλεύοντα
953 1022 998 1115 ἦν
1013 1025 1076 1095 άκ-

63 1128 215 1214 μάζουσα
225 1126 391 1214 Ῥοδῶπις,
403 1124 472 1196 ἀλλ’
486 1122 528 1195 ού
540 1123 623 1193 κατά
634 1133 773 1193 τοῦτον·
796 1131 882 1193 ἔτεσι
892 1125 957 1211 γάρ
969 1127 1075 1215 κάρτα

63 1233 217 1293 πολλοῖσι
232 1224 376 1313 ὕστερον
391 1224 522 1294 τούτων
537 1230 606 1291 τῶν
623 1227 789 1310 βασιλέοιν
806 1229 874 1290 τῶν
890 1221 949 1302 τάς
963 1249 1075 1308 πυρα-

63 1325 163 1408 μίδας
181 1322 304 1402 ταύτας
324 1327 516 1409 λιπομένων
537 1315 582 1410 ἦν
593 1318 767 1406 Ῥοδῶπις,
789 1318 910 1407 γενεὴν
931 1321 993 1406 μέν
1007 1315 1072 1389 άπό

63 1427 230 1508 Θρηίκης,
245 1421 350 1508 δούλη
363 1424 399 1491 δὲ
408 1414 453 1508 ἦν
464 1419 634 1506 Ἰάδμονος
646 1425 708 1488 τοῦ
717 1416 997 1504 Ἡφαιστοπόλιος
1010 1416 1074 1487 άν-

64 1516 146 1607 δρδς
165 1527 316 1606 Σαμίου,
344 1519 534 1599 σύνδουλος
556 1518 592 1586 δέ
613 1515 777 1586 Αἰσύπου
797 1524 859 1585 τοῦ
880 1524 1070 1605 λογοποιοῦ.

63 1614 204 1702 καὶγὰρ
227 1609 325 1696 οὗτος
342 1616 513 1705 Ἰάδμονος
533 1617 681 1702 ἐγένετο,
705 1612 749 1693 ῶς
770 1618 892 1695 διέδεξε
911 1620 990 1706 τῇδε
1011 1614 1073 1683 οὐκ

62 1717 199 1806 ἥκιστα·
221 1719 294 1785 ἐπεί
307 1744 344 1785 τε
360 1717 425 1805 γάρ
440 1717 601 1795 πολλάκις
615 1713 856 1802 κηρυσσόντῶν
871 1723 1019 1804 Δελφῶν
1036 1718 1073 1782 έκ

62 1819 274 1900 θεοπροπίου
285 1812 322 1894 δς
332 1814 488 1902 βούλοιτο
499 1811 622 1899 ποινὴν
635 1818 693 1898 τῆς
703 1811 867 1879 Αἰσώπου
878 1817 984 1897 ψυχῆς
995 1808 1075 1878 άνε·

62 1918 202 1998 λέσθαι,
224 1908 324 1992 άλλος
340 1913 402 1998 μέν
424 1910 534 1990 οὐδεὶς
554 1910 680 1997 ἐφάνη,
700 1906 870 1994 Ἰάδμονος
892 1911 928 1977 δέ
954 1907 1073 1989 παιδὸς

62 2025 140 2089 παῖς
160 2009 260 2089 άλλος
279 2008 418 2097 Ἰάδμων
441 2009 607 2079 ἀνείλετο·
631 2003 720 2074 οὕτω
740 2007 794 2073 καὶ
814 2014 970 2084 Αἴσωπος
988 2004 1073 2074 Ἰάδ-

64 2133 167 2195 μονος
203 2109 345 2192 ἐγένετο.
394 2102 549 2187 Ῥοδῶπις
584 2104 623 2174 δδ
658 2107 692 2184 ἐς
727 2113 905 2190 Αίγυπτον
939 2102 1072 2176 άπίκετο
1088 2118 1139 2178 1³⁵

64 2206 208 2286 ΙἘάνθεω
231 2213 293 2276 τοῦ
318 2215 451 2296 Σαμίου
474 2212 695 2296 κομίσαντος,
725 2200 908 2292 ἀπικομένη
936 2207 977 2274 δέ
999 2205 1072 2275 κατ’

65 2298 226 2388 ἐργασίην
243 2305 350 2390 ἐλύθη
371 2305 550 2392 χρημάτων
570 2303 726 2391 μεγάλων
747 2301 807 2371 ὑπ’
825 2301 949 2391 άνδρδς
962 2313 1077 2374 Μυτι-

64 2406 206 2487 ληναίου
220 2403 381 2486 Χαράξου
394 2409 456 2470 τοῦ
474 2401 801 2489 Σκαμανδρωνύμου
818 2400 952 2488 παιδὸς,
975 2400 1075 2472 άδελ-

63 2506 151 2586 φεοῦ
173 2500 209 2569 δὲ
224 2507 392 2588 Σαπφοῦς
405 2508 463 2588 τῆς
476 2507 694 2588 μουσοποιοῦ.
727 2497 815 2566 οὕτω
832 2497 872 2586 δὴ
888 2498 1075 2587 ἡῬοδῶπις

61 2598 302 2688 ἠλευθερώθη,
323 2602 379 2668 καὶ
400 2603 576 2685 κατέμεινέ
592 2624 628 2665 τε
649 2600 687 2665 έν
707 2597 868 2692 Αίγύπτφ
893 2604 948 2670 καὶ
968 2601 1073 2691 κάρτα
1142 2646 1149 2660 .

61 2698 286 2785 ἐπαφρόδιτος
301 2700 466 2784 γενομένη
480 2697 609 2783 μεγάλα
624 2695 784 2782 ἐκτήσατο
800 2697 951 2784 χρήματα
970 2697 1013 2779 ῶς
1029 2696 1073 2766 άν

62 2798 148 2867 εἶναι
159 2795 353 2881 Ῥοδώπιος,
376 2794 461 2879 ἀτάρ
479 2793 543 2863 ούκ
559 2794 604 2873 ῶς
622 2820 661 2880 γε
677 2796 710 2872 ἐς
727 2798 898 2881 πυραμίδα
911 2799 1072 2884 τοιαύτην

60 2897 238 2976 ἐξικέσθαι.
263 2900 322 2980 τῆς
341 2889 407 2980 γάρ
421 2889 485 2978 τὴν
503 2892 647 2976 δεκάτην
660 2898 730 2959 τῶν
746 2892 924 2977 χρημάτων
939 2896 1072 2961 ἰδέσθαι

60 2999 130 3061 ἔστι
146 2997 193 3059 ἔτι
207 2994 262 3058 καὶ
276 2991 310 3068 ἐς
323 2989 401 3057 τόδε
418 2991 519 3058 παντὶ
532 2995 579 3081 τῷ
594 2990 809 3078 βουλομένῳ,
833 2986 933 3056 οὐδέν
948 2993 1001 3057 δεῖ
1011 3016 1071 3075 με·

59 3088 146 3175 γάλα
171 3093 204 3156 ολ
221 3086 373 3175 χρήματα
393 3085 583 3155 άναθείναι.
619 3084 810 3171 ἐπεθύμησε
836 3082 900 3173 γάρ
916 3083 1071 3168 Ῥοδῶπις

58 3184 228 3272 μνημήιον
249 3186 374 3269 ἑαυτῆς
393 3186 431 3252 έν
451 3191 492 3274 τῇ
507 3181 641 3252 Ἑλλάδι
663 3184 921 3271 καταλιπέσθαι,
945 3192 1071 3273 ποίημα

57 3286 266 3368 ποιησαμένη
285 3289 407 3369 τοῦτο,
428 3279 466 3350 τδ
488 3279 533 3369 μη
555 3281 713 3368 τυγχάνει
739 3277 828 3373 άλλμ
849 3283 1071 3371 ἐξευρημένον

58 3381 113 3448 καί
135 3376 359 3465 ἀνακείμενον
370 3381 407 3447 ἐν
428 3385 508 3467 ἱρῷ,
538 3386 638 3447 τοῦτο
661 3375 841 3448 ἀναθεῖναι
865 3381 898 3458 ἐς
911 3379 1070 3465 Δελφούς
