2354 3840
143 183 207 250 272
525 186 776 243 HERODOTI

142 371 197 426 τος
213 346 276 432 μὲν
286 353 349 413 τού
363 349 532 428 ποταμοῦ,
551 348 683 428 ἔχοντος
699 341 735 409 δὲ
753 338 884 432 ούδαμῇ
899 341 1066 430 ἐξήλυσιν.
1089 335 1142 427 ού·

143 471 194 514 τοι
219 435 285 531 ἀν,
309 448 423 530 οἵπερ
446 448 617 527 ἔμπροσθε
638 441 792 508 ἐώθεσαν
814 447 963 527 χρᾶσθαι
976 447 1025 531 τῷ
1040 438 1141 528 ὕδατι,

144 541 207 610 οὐκ
219 548 348 628 ἔχοντες
360 539 450 630 αύτῷ
460 545 607 625 χρᾶσθαι
619 544 777 626 συμφορῇ
788 538 916 628 μεγάλη
929 538 1139 626 διαχρέονται.

143 640 204 709 τὸν
226 642 288 726 μὲν
308 635 374 725 γάρ
394 644 540 725 χειμῶνα
557 635 610 704 ὕει
632 655 693 721 σφι
716 633 734 703 ὁ
756 633 840 715 θεὸς
862 634 974 724 ὥσπερ
991 639 1048 706 καλ
1064 649 1141 704 τοδσι
1168 628 1172 639 ’

145 739 274 808 ἄλλοισι
290 733 519 823 ἀυθρύποισι,
540 740 602 799 τοῦ
616 733 652 800 δέ
665 735 785 820 θέρεος
800 741 994 820 σπείροντες
1008 739 1140 821 μελίνην

143 838 199 905 καλ
213 835 365 923 σήσαμον
380 840 578 921 χρηίσκοντο
594 839 640 921 τῷ
653 829 760 901 ὕδατι.
785 833 886 901 ἐπεάν
902 826 952 900 ἀν
965 836 1074 921 μηδέν
1088 853 1139 919 σφι

144 937 370 1020 παραδίδοται
382 937 444 999 τοῦ
454 928 586 1016 ύδατος,
603 928 760 1008 ἐλθόντες
768 932 805 1009 ’ἐς
818 929 898 1008 τούς
908 934 1043 1018 Πέρσας
1054 927 1137 998 αύτοι

142 1058 177 1099 τε
193 1034 248 1099 καὶ
261 1045 433 1116 γυναῖκες,
457 1029 593 1105 στάντες
609 1026 692 1095 κατὰ
713 1026 772 1107 τάς
792 1028 904 1115 θύρας
917 1035 981 1095 τοῦ
995 1028 1138 1116 βασιλέος

142 1135 257 1220 βοεῦσι
271 1128 468 1217 ὠρυόμενοι,
485 1125 553 1196 ὁδέ
564 1126 722 1215 βασιλεύς
732 1143 817 1197 τοῖσι
833 1131 1021 1215 δεομένοισι
1036 1124 1137 1195 αύιδν

142 1231 284 1316 μάλιστα
299 1232 482 1297 ἐντέλλεται
497 1224 647 1311 ἀνοίγειν
658 1224 717 1305 τάς
728 1225 835 1305 πύλας
848 1223 908 1304 τάς
922 1228 955 1304 ές
969 1231 1071 1292 τοῦτο
1085 1248 1136 1309 φε-
1171 1264 1173 1275 =

143 1330 276 1415 ρούσας.
300 1326 401 1396 έπεάυ
416 1329 452 1394 δὲ
464 1326 621 1413 διάκορος
635 1323 656 1413 ἡ
673 1333 715 1412 γῆ
727 1329 842 1412 σφέων
855 1328 991 1411 γένηται
1002 1329 1135 1391 πίνουσα

141 1426 178 1496 τό
202 1429 311 1514 ὕδωρ,
334 1420 433 1497 αὗται
454 1427 516 1513 μὲν
533 1431 570 1494 αἱ
588 1427 692 1494 πύλαι
713 1423 970 1512 ἀποκληίονται,
993 1423 1093 1503 ἀλλας
1107 1417 1132 1488 δ’

142 1528 325 1594 ἐντέλλεται
352 1522 501 1610 ἀνοίγειν
527 1521 656 1592 ἄλλοισι
681 1537 766 1591 τοῖσι
792 1527 981 1610 δεομένοισι
1004 1522 1131 1610 μάλιστα

142 1631 210 1691 τῶν
225 1631 363 1692 λοιπον.
387 1620 431 1701 ὡς
447 1623 482 1689 δέ
497 1618 562 1708 ἐγώ
578 1618 685 1687 οίδα’
666 1622 830 1706 ἀκούσας,
852 1620 1004 1708 χρήματα
1017 1619 1131 1737 μεγάλη

141 1722 373 1808 πρησσόμενος
389 1719 533 1805 ἀνοίγει,
556 1719 659 1802 πάρεξ
674 1727 736 1787 τοῦ
753 1719 872 1806 φόρου.
905 1727 1011 1787 ταῦτα
1025 1723 1085 1807 μὲν
1098 1713 1173 1802 δη

142 1826 206 1905 ἔχει
222 1819 319 1889 οὕτω.
1162 1772 1173 1915 δέ

76 1947 124 2001 ης
227 1927 326 1987 ΤΩΝ
338 1919 374 1985 δὲ
386 1944 430 2007 τφ
445 1917 540 2007 μόγῳ
553 1915 841 1984 έπαναστάντωυ’
824 1914 905 1986 επτά
921 1915 1067 2006 ἀνδρων,
1082 1919 1130 1986 ἕνα

140 2017 253 2088 αὐτῶν
265 2016 476 2103 ’Ῑνταφέρνεα
492 2021 652 2104 κατέλαβε
665 2014 852 2103 ὑβρίσαντα
865 2016 945 2086 τάδε
956 2016 1131 2088 ἀποθανεῖν

139 2114 259 2183 αὐτίκα
283 2112 364 2200 μετά
388 2111 450 2200 τὴν
471 2114 711 2181 ἐπανάστασιν·
739 2111 842 2200 ἤθελε
864 2116 897 2194 ἐς
922 2115 963 2184 τά
988 2115 1131 2206 βασιλήια

140 2208 291 2280 ἐσελθών
312 2217 579 2297 χρηματίσασθαι
601 2219 647 2302 τῷ
669 2214 814 2297 βασιλέι·
836 2217 891 2281 καί
910 2213 976 2302 γάρ
992 2213 1032 2304 δὴ
1055 2209 1131 2283 καλό

138 2312 242 2398 νόμος
254 2308 343 2377 οὕτω
356 2309 436 2396 εἶχε,
451 2324 536 2378 τοῖσι
549 2313 752 2378 ἐπαναστᾶσι
762 2317 809 2402 τῷ
820 2313 915 2403 μάγςο
928 2318 1047 2383 ἔσοδον
1059 2312 1132 2382 εἶναι

138 2407 229 2495 παρά
251 2413 389 2496 βασιλέα
411 2405 494 2475 ἀνευ
516 2406 676 2494 ἀγγέλου,
706 2404 750 2495 ἢν
770 2407 814 2495 μὴ
839 2414 975 2495 γυναικὶ
996 2411 1134 2500 τυγχάυη

139 2506 340 2595 μισγόμενος
357 2506 523 2593 βασιλεύς.
548 2504 611 2574 οάκ
632 2500 681 2574 τάν
705 2503 746 2594 δὴ
764 2505 976 2597 Ἰνταφέρνης
997 2513 1136 2582 ἐδικαίου

139 2603 262 2672 οὐδένα
284 2607 318 2670 οέ
336 2605 540 2691 ἐσαγγεῖλαι,
563 2601 638 2673 ἀλλ’
665 2602 717 2672 ότι
734 2597 779 2686 ἦν
803 2613 871 2673 τῶν
892 2606 991 2695 ἐπτά,
1020 2611 1136 2677 ἐσιέναι

136 2701 257 2791 ἤθελε·
281 2698 299 2768 ὁ
321 2701 357 2769 δέ
379 2701 550 2789 πυλουρὸς
574 2705 630 2770 καὶ
650 2699 668 2770 ὁ
689 2699 935 2792 ἀγγελιηφόρος
956 2703 999 2774 ού
1019 2705 1137 2795 περιό-

137 2826 235 2886 ρεον,
258 2798 404 2887 φάμενοι
419 2801 480 2869 τόν
494 2804 632 2890 βασιλέα
644 2805 778 2888 γυναικὶ
789 2812 977 2890 μίσγεσθαι.
1001 2797 1136 2876 &mv-

136 2901 306 2985 ταφέρυης
329 2902 456 2969 δοκέων
485 2904 589 2986 σφέας
609 2902 736 2981 ψεύδεα
757 2904 867 2988 λέγειν
887 2906 992 2971 ποιέει
1014 2904 1135 2974 τοιάδε·

137 2996 351 3083 σπασάμενος
365 2994 427 3064 τόν
446 2994 608 3065 ἀκινάκεα
629 2996 813 3085 ἀποτάμυει
834 2997 947 3067 αὐτῶν
967 3000 1061 3071 τότε
1079 2995 1140 3070 εἶτα

137 3098 192 3162 καὶ
207 3091 266 3172 τάς
278 3098 391 3212 ρινας,
415 3099 470 3164 καὶ
484 3094 620 3183 ἀνείρας
641 3101 716 3181 περὶ
730 3094 792 3164 τόν
805 3095 945 3184 χαλινόν
960 3106 1023 3167 τοῦ
1038 3103 1139 3170 ἵππου

70 3209 121 3264 119
136 3195 211 3279 περι
228 3191 307 3270 τοὺς
323 3190 464 3278 αὐχένας
478 3199 593 3280 σφέων
614 3199 727 3281 ἔδησε,
750 3199 805 3264 καὶ
819 3193 934 3283 ἀπῆκε.
983 3202 1029 3266 OC
1048 3203 1085 3270 δὲ
1100 3208 1142 3294 τῷ

126 3293 266 3414 βασιλέα
251 3291 642 3379 ιδεικυύουσιέωυτοδς,
666 3296 721 3361 καὶ
741 3319 804 3380 την
830 3301 938 3380 αἰτίην
960 3293 1078 3388 εἷπον,
1099 3294 1141 3368 δι

114 3392 163 3472 ἤν
185 3393 412 3476 πεπονθότες
439 3405 572 3485 εἴησαν
629 3403 772 3480 Δαρεῖυς
797 3397 833 3460 δῖ
857 3392 1072 3484 ἆοὲθδηῦαε,
1101 3397 1142 3487 μδ
