2354 3840
316 227 403 283 LIB.
435 227 478 285 m
512 225 610 284 cAP.
643 230 815 287 146-152.
1007 226 1069 288 ‘289

63 384 226 471 διδόμενα
251 381 314 452 ούκ
329 388 492 469 ἐδικαιέυ,
523 379 646 468 μαθάν
665 384 717 470 δέ,
741 382 786 463 ὡς
809 383 937 453 άλλοισι
953 384 1068 465 διδούς

62 489 131 550 τῶν
145 478 258 550 ἀστῶν
275 479 451 569 εὑρήσεται
473 489 650 568 τιμωρίην,
678 479 741 569 βάς
756 486 808 551 ἐπὶ
824 481 904 563 τούς
921 486 1067 571 ἐφόρους

63 581 204 668 ἄμεινον
229 578 314 648 εἶναι
342 587 406 667 ἔφη
423 587 463 669 τῇ
483 582 624 669 Σπάρτη
650 580 710 649 τὸν
732 588 841 663 ξείνιον
852 585 912 652 τόν
932 584 1067 671 Σάμιον

64 681 339 751 ἀπαλλάσσεσθαι
354 685 390 750 ἐκ
400 689 458 769 τῆς
468 683 749 769 Πελοποννήσου,
770 687 827 751 ἵνα
841 683 885 773 μή
904 683 1066 772 ἀναπείσῃ

63 776 85 868 ή
106 778 213 848 αὐτόν
235 777 258 867 ή
279 779 383 850 άλλον
407 780 483 849 τινά
507 784 746 869 Σπαρτιητέων
773 781 879 851 κακόν
896 790 1064 871 γενέσθαι.

63 885 97 948 οί
113 878 145 947 δ’
163 877 417 960 ὑπακούσαντες
443 883 644 969 ἐξεκήρυξαν
664 885 891 972 Μαιάνδριον.
941 886 1010 974 Τήν
1032 888 1067 954 δὲ
1087 900 1132 954 149

62 980 185 1065 Σάμον
199 979 465 1066 σαγηνεύσαντες
480 986 514 1049 οί
524 985 652 1067 Πέρσαι
667 987 857 1070 παρέδοσαν
870 997 1067 1057 Συλοσῶντι

62 1080 189 1164 ἐρῆμον
203 1080 326 1146 ἐοῦσαν
342 1077 486 1167 ἀνδρῶν.
516 1078 644 1168 ὑστέρῳ
661 1085 774 1166 μέντοι
792 1085 902 1175 χρόνῳ
917 1089 972 1154 καὶ
983 1107 1066 1171 συχ-

60 1184 229 1247 κατοίκισε
246 1177 352 1266 αύτήν
374 1178 391 1248 ό
409 1177 591 1268 στρατηγός
603 1177 740 1269 Ὀτάνης
756 1188 792 1251 ἔκ
809 1209 845 1250 τε
865 1183 962 1266 ὄψιος
975 1183 1065 1253 όνεί-

60 1306 127 1368 ρου
141 1281 196 1347 καί
210 1279 355 1364 νούσου,
376 1278 399 1366 η’
414 1307 472 1368 μιν
487 1284 645 1367 κατέλαβε
661 1288 801 1365 νοσῆσαι
818 1280 857 1349 τά
873 1288 991 1351 αἰδοῖα.

142 1376 212 1446 Ἐπὶ
235 1377 270 1446 δὲ
291 1379 412 1466 Σάμον
437 1381 681 1465 στρατεύματος
704 1389 867 1448 ναυτικοῦ
889 1388 1064 1469 οἰχομένου
1084 1398 1132 1447 15⁰

65 1474 274 1563 Βαβυλώνιοι
300 1473 506 1564 ἀπέστησαν,
542 1478 647 1564 κάρτα
673 1471 713 1545 εύ
740 1486 1064 1567 παρεσκευασμένοι·

61 1574 100 1641 ἐν
115 1570 183 1661 ὅσῳ
198 1570 263 1659 γάρ
285 1571 355 1641 ὅτε
378 1576 483 1660 μάγος
503 1567 582 1661 ήρχε
606 1577 710 1642 καλοί
728 1572 808 1642 ἑπτά
827 1578 1064 1663 ἐπανέστησαν,

60 1668 220 1760 ἐντούτῳ
235 1672 335 1738 παντὶ
349 1678 394 1761 τῷ
409 1670 520 1761 χρόνῳ
534 1675 590 1738 καὶ
603 1679 643 1760 τῇ
657 1679 782 1761 ταραχῇ
801 1676 831 1751 ἐς
848 1670 911 1758 τήν
926 1681 1064 1760 πολιορ-

59 1775 140 1856 κίην
154 1771 434 1855 παρεσκευάδατο.
460 1777 519 1837 καί
530 1796 596 1848 κως
610 1777 713 1837 ταῦτα
730 1778 901 1848 ποιεῦντες
916 1772 1062 1840 ἐλάνθα-

62 1893 142 1935 νον·
182 1868 290 1937 ἐπείτε
312 1871 348 1937 δέ
365 1871 400 1935 ἐκ
417 1875 478 1933 τοῦ
495 1869 659 1952 ἐμφανέος
676 1865 882 1953 ἀπέστησαν,
905 1870 1064 1953 ἐποίησαν

59 1966 208 2036 τοιόνδε·
231 1966 291 2045 τάς
311 1968 453 2053 μητέρας
474 1965 641 2043 ἐξελόντες
661 1979 805 2050 γυναῖκα
827 1967 963 2042 ἕκαστος
984 1972 1064 2048 μίαν

61 2069 329 2154 προσεξαιρέετο,
358 2062 419 2148 τήν
441 2063 613 2149 ἐβούλετο,
644 2066 680 2131 έκ
700 2070 768 2130 τάν
789 2067 916 2130 ἑωυτοῦ
938 2069 1064 2151 οίκίων,

60 2160 120 2240 τάς
134 2164 170 2229 δὲ
184 2157 303 2239 λοιπάς
320 2159 451 2238 ἁπάσας
466 2159 713 2246 συναγαγόντες
729 2156 929 2238 ἀπέπνιξαν·
951 2160 1012 2248 τήν
1029 2161 1063 2230 δέ

60 2266 143 2346 μίαν
158 2262 293 2336 ἕκαστος
308 2255 480 2325 σιτοποιὸν
498 2261 669 2343 ἐξαιρέετο,
699 2251 883 2334 ἀπέπνιξαν
898 2259 934 2324 δὲ
950 2255 1063 2345 αύτάς,

60 2359 119 2423 ἵνα
132 2354 179 2440 μή
193 2374 308 2438 σφεων
321 2352 382 2422 τόν
396 2369 489 2421 σῖτον
504 2351 762 2436 ἀναισιμώσωσι.
807 2354 1012 2438 Πυθόμενος
1027 2359 1064 2421 δὲ
1083 2368 1128 2419 151

61 2458 166 2519 ταῦτα
182 2447 356 2539 ὁΔαρεῑος
366 2456 421 2518 καί
432 2449 590 2528 συλλέξας
605 2453 717 2513 πᾶσαν
734 2443 796 2532 τήν
811 2450 939 2515 ἑωυτοῦ
957 2450 1063 2517 δύνα-

61 2574 119 2634 μιν
135 2547 347 2634 ἐστρατεύετο
369 2545 422 2615 ἐπ’
447 2544 587 2631 αύτούς,
608 2543 770 2621 ἐπελάσας
786 2545 822 2612 δὲ
844 2549 896 2613 ἐπὶ
915 2544 978 2634 τήν
994 2555 1064 2614 Βα-

61 2650 198 2733 βυλῶνα
214 2645 406 2733 ἐπολιόρκεε
418 2648 654 2732 φροντίζοντας
669 2639 770 2708 ούδέν
787 2649 844 2729 της
858 2653 1060 2733 πολιορκίης.

62 2741 300 2829 ἀναβαίνοντες
314 2740 378 2830 μάρ
396 2745 448 2810 ἐπὶ
461 2738 541 2818 τοῦς
556 2746 794 2826 προμαχεῶνας
815 2749 876 2809 τοῦ
893 2751 1014 2829 τείχεος
1032 2749 1065 2810 οί

59 2837 273 2927 Βαβυλώνιοι
289 2845 513 2928 κατωρχέοντο
532 2841 586 2906 καί
601 2842 835 2905 κατέσκωπτον
846 2851 994 2922 Δαρείου
1008 2842 1063 2907 καὶ

60 2936 122 3025 τήν
137 2935 295 3024 στρατιήν
311 2935 433 3023 αὐτοῦ,
454 2942 514 3004 καί
523 2963 572 3014 τις
589 2933 702 3002 αὐτῶν
719 2935 788 3019 εἷπε
802 2943 899 3002 τοῦτο
915 2933 951 3002 τό
968 2943 1061 3013 ἔπος·

65 3042 106 3104 Τί
124 3037 273 3122 κάτησθε
295 3038 461 3122 ἐνθαῦτα,
485 3027 512 3102 ό
535 3038 678 3122 Πέρσαι,
709 3029 782 3099 ἀλλ’
807 3030 869 3099 οῦκ
891 3031 1063 3100 ἀπαλλάσ-

61 3143 181 3214 σεσθε;
203 3133 278 3201 τότε
291 3132 356 3221 χάρ
372 3135 524 3220 αἱρήσετε
535 3131 651 3219 ἡμέας,
670 3129 772 3198 ἐπεάν
784 3128 918 3217 ἡμίονοι
933 3136 1059 3199 τέκωσι.

64 3220 171 3296 Τοῦτο
194 3227 264 3297 εἶπε
283 3237 351 3297 τῶν
371 3258 420 3308 τις
440 3236 683 3317 Βαβυλωνίων,
707 3225 836 3312 ούδαμά
858 3230 996 3308 ἐλπίζων
1019 3224 1062 3294 ἀν

60 3325 205 3414 ἡμίονον
218 3341 335 3396 τεκεῖν.
375 3327 475 3419 Ἑπτά
487 3329 523 3396 δέ
537 3335 654 3413 μηνῶν
668 3330 723 3393 καλ
738 3329 894 3392 ἐνιαυτοῦ
909 3331 1064 3411 διεληλυ-
1079 3340 1131 3394 15ss

63 3421 165 3501 θότος
179 3421 243 3508 ήδη
254 3419 277 3571 ῳ
292 3426 437 3507 Δαρεῖός
454 3450 490 3495 τε
504 3422 647 3514 ήσχαλλε
663 3426 720 3494 καὶ
732 3419 756 3511 ἡ
769 3422 911 3509 στρατιάς
918 3430 1018 3567 {ww
1028 3419 1073 3485 οἱ)

139 3531 237 3569 HEROD.
269 3555 275 3568 ι
