2354 3840
315 195 403 254 mn.
435 197 468 253 ΙΙ.
503 195 603 253 cAP.
634 202 778 259 53-59.
994 197 1054 261 146

42 378 130 440 νομα
150 345 196 440 ἦν
208 357 417 442 Προμένεια,
439 359 479 442 τῇ
502 356 539 422 δὲ
560 350 641 439 μετά
659 354 786 440 ταύτην
811 361 992 444 Τιμαρέτη,
1014 366 1054 447 τῇ

42 450 244 540 δδνεωτάτη
260 452 451 538 Νικάνδρη,
470 457 587 538 ἔλεγον
601 458 721 519 ταῦτα·
745 453 1004 541 συνωμολόγεον
1018 456 1057 522 δέ

42 573 104 638 σφι
120 555 177 621 καί
200 556 234 621 οί
255 551 350 621 ἀλλοι
367 555 568 621 Δωδωναῖοι
590 553 625 617 οί
642 553 718 635 περὶ
739 548 776 616 τδ
792 551 886 635 ίρόν·
917 550 999 638 ’Πγά
1018 550 1050 618 δ’
1064 560 1099 618 56

42 653 193 739 έχωπερὶ
207 648 337 720 αὐτέων
347 650 487 738 γνάμην
501 649 612 736 τήνδε.
637 654 668 716 εί
679 646 832 734 ἀληθέως
847 655 881 719 οί
896 658 1052 730 Φοίνικες

42 751 206 839 ἐξήγαγον
220 748 279 829 τάς
295 748 370 840 ίράς
384 764 545 837 γυναλιιας
565 752 626 818 ααδ
637 746 699 836 τήν
716 749 778 835 μὲν
795 748 924 818 αὐτέων
942 754 974 830 ἐς
988 759 1052 819 Λι-

42 850 147 938 βόην,
169 844 233 935 τήν
253 848 289 915 δέ
310 851 343 926 ές
363 847 426 934 τήν
441 845 584 916 Ἐλλάδα
604 844 783 933 ἀπέδοντο,
807 850 913 916 δοκέει
932 850 1003 935 ἐμοὶ
1028 842 1048 934 ή

42 943 128 1034 γυνή
146 943 232 1031 αὕτη
255 951 313 1031 ’τῆς
335 953 402 1013 νῦν
417 944 592 1029 Ἑλλάδος,
620 942 786 1028 πρότερον
810 947 846 1012 δὲ
863 951 1050 1031 Πελασγίης

42 1040 244 1130 ιαλενμένης
253 1042 311 1128 τῆς
321 1036 425 1128 αὐτῆς
432 1037 564 1127 ταύτης,
579 1046 751 1129 πρηθῆναι
765 1043 798 1122 ές
808 1041 1049 1129 Θεσπρωτούς·

42 1149 167 1212 ἔπειτεν
185 1140 395 1210 δονλεύονσα
412 1138 535 1211 αὐτόθι
554 1140 758 1229 ίδρόσασθαι
775 1139 844 1211 ὐπὸ
864 1147 963 1233 φηγῷ
982 1145 1053 1212 ἐκεῖ

42 1249 214 1332 πεφνιινίη
228 1240 313 1321 Διός
327 1240 421 1329 ίρδν,
445 1242 556 1328 ὥσπερ
576 1234 621 1327 ήν
644 1238 734 1318 οἰκός
749 1237 1049 1326 ἀμφιπολεύουσαν

42 1347 76 1412 έν
92 1341 224 1428 Θήβήσι
244 1339 321 1428 ίρδν
340 1337 443 1427 Διὸς,
466 1346 552 1408 ἔνθα
569 1334 721 1423 ἀπίκετο,
745 1339 893 1404 ἐνθαῦτα
913 1338 1048 1426 μνήμην

42 1440 147 1514 αὐτοῦ
163 1445 258 1526 ἔχειν.
283 1442 320 1508 έιι
334 1439 371 1508 δὲ
385 1439 509 1508 τούτου
521 1435 723 1525 χρηστήριον
737 1433 1049 1526 αατηγήσατο,έπεί-

42 1565 73 1609 ιε
84 1540 249 1624 συνέλαβε
260 1532 322 1622 τήν
331 1535 474 1605 Ἐλλάδα
484 1541 649 1622 γλῶσσαν.
674 1532 780 1618 φάναι
791 1536 831 1600 δέ
839 1537 873 1600 οί
880 1529 1049 1620 ἀδελφεήν

42 1639 77 1706 έν
88 1631 203 1721 Λιβύη
218 1640 411 1721 πεπρῆσθαι
424 1631 492 1701 ὑπό
508 1639 577 1700 τῶν
591 1629 704 1699 αὐτόν
720 1636 906 1719 Φοινίκων,
922 1629 982 1699 ὑπ’
1001 1623 1049 1698 όν

42 1734 96 1802 καὶ
110 1727 195 1817 αὐτή
211 1729 352 1818 έπρήθη.
396 1730 577 1810 Πελειάδες
592 1734 631 1798 δέ
641 1755 699 1817 μοι
711 1734 865 1798 δοκέουσι
880 1736 1048 1815 κληθῆναι
1061 1745 1094 1801 57

42 1824 126 1917 πρὸς
135 1832 354 1898 Δωδωναίων
368 1830 421 1897 aaz
430 1834 531 1897 τοῦδε
544 1833 581 1896 αί
592 1842 765 1915 γνναίιιες,
782 1827 866 1897 διότι
883 1826 1048 1915 βάρβαροι

42 1923 147 2016 ἦσαν,
169 1925 307 1995 έδόιιεον
321 1930 361 1997 δέ
373 1949 434 2015 σφι
449 1927 571 2016 ὁμοίως
587 1925 697 2013 όρνισι
712 1928 933 2012 φθέγγεσθαι.
967 1919 1048 2009 μετά

42 2028 77 2094 δὲ
98 2022 223 2112 χρόνον
242 2024 306 2112 τήν
330 2027 488 2096 πελειάδα
505 2023 706 2114 άνθρωπηίη
726 2030 824 2112 φωνῇ
838 2019 1049 2102 αὐδάξασθαι

42 2123 195 2209 λέγουσι,
218 2123 292 2190 έπεί
309 2148 344 2189 τε
363 2119 404 2190 τά
426 2122 550 2190 συνετά
572 2142 633 2208 σφι
649 2119 737 2208 ηὔδα
756 2117 777 2208 ἡ
798 2119 902 2208 γννή·
930 2121 991 2197 ἕως
1013 2120 1049 2186 δὲ

42 2216 255 2307 ἐβαρβάριζε,
285 2215 424 2303 ὀρνίθος
447 2219 574 2307 τρόπον
599 2220 715 2290 ἐδόκεέ
739 2237 800 2305 σφι
826 2218 1049 2304 φθέγγεσθαι,

42 2316 112 2386 ἐπεὶ
132 2316 194 2406 τέφ
214 2314 327 2407 τρόπω
344 2311 389 2383 ἀν
402 2316 535 2394 πελειάς
551 2343 590 2402 γε
604 2314 805 2405 ἀνθρωπηίῃ
826 2323 923 2404 φωνή
941 2319 1051 2401 φθέγ·

42 2418 151 2493 ξαιτος
178 2414 340 2496 μέλαιναν
371 2414 407 2480 δὲ
432 2415 585 2499 λέγοντες
611 2412 696 2480 εἶναι
715 2410 778 2498 τήν
804 2414 963 2482 πελειάδα
989 2429 1051 2496 ση-

42 2514 219 2596 μαίνουσι,
242 2508 294 2577 ότι
308 2518 475 2599 Αίγνπτίη
489 2510 510 2600 ἡ
526 2510 613 2598 γυνὴ
626 2504 680 2597 ἦν.
719 2508 764 2576 Ἡ
776 2515 811 2578 δὲ
825 2516 967 2597 μαντηίη
981 2507 1004 2595 ή
1017 2533 1052 2575 τε

42 2611 80 2678 έν
91 2606 222 2694 Θήβησι
236 2615 312 2696 τῇσι
323 2615 525 2698 Αίγνπτίησι
537 2612 592 2677 καί
607 2612 645 2677 έν
655 2605 810 2695 Δωδοόνη
825 2604 1054 2693 παραπλήσιαι

42 2703 206 2793 ἀλλήλῃσι
226 2704 431 2791 τυγχάνουσι
452 2709 577 2774 έοῦσαι.
612 2710 681 2773 έστι
706 2707 742 2772 δὲ
762 2707 818 2773 καὶ
837 2711 906 2772 τῶν
927 2709 1011 2790 ἱρῶν
1032 2701 1053 2791 ἡ

42 2799 184 2892 μαντική
198 2798 252 2870 ἀπ’
267 2801 444 2890 Λίγόπτον
460 2801 636 2889 ἀπιγμένη.
663 2802 860 2888 Πανηγόρις
872 2800 908 2868 δέ
920 2799 986 2886 ἀρα
1000 2801 1055 2869 καὶ
1064 2819 1100 2874 58

42 2896 179 2989 πομπάς
200 2901 256 2967 καὶ
275 2897 497 2985 προσαγωγὰς
516 2907 643 2986 πρῶτοι
663 2898 859 2986 ἀνθρώπων
875 2894 1057 2983 Αἰγύπτιοί

43 3005 108 3068 είσι
131 3001 165 3066 οί
183 2994 422 3083 ποιησάμενοι,
445 2997 501 3063 καὶ
514 2993 604 3082 παρά
627 2995 758 3063 τούτων
770 2993 927 3079 Ἕλληνες
947 3018 1055 3080 μεμα-

42 3092 181 3183 θήαασι.
203 3093 384 3181 τεκμήριον
397 3095 436 3161 δέ
447 3118 504 3179 μοι
517 3092 641 3160 τούτου
655 3091 748 3160 τόδε·
772 3095 808 3160 αί
819 3093 881 3176 μὲν
894 3088 960 3179 γάρ
973 3095 1054 3174 φαί-
1108 3093 1114 3100 ’
1146 3164 1148 3168 ,

42 3219 163 3264 νονται
178 3195 215 3261 έκ
229 3198 357 3261 πολλοῦ
377 3218 436 3259 τεν
456 3190 583 3278 χρόνον
598 3188 812 3277 ποιεύμεναι,
835 3195 871 3258 αί
884 3189 920 3258 δὲ
935 3185 1052 3278 Ἐλλη-

42 3293 137 3362 νιιιαλ
154 3291 273 3357 νεωστί
287 3286 504 3376 ἐποιήθησαν.
533 3293 805 3374 Πανηγνρίζονσι
823 3289 859 3356 δὲ
873 3288 1053 3375 Αἰγύπτιοι
1064 3303 1097 3360 59

43 3385 109 3456 οὐκ
126 3377 213 3464 άπαξ
225 3391 288 3532 τρῦ
302 3387 475 3472 ένιαντοῦ,
491 3384 680 3470 πανηγύρις
697 3387 733 3454 δὲ
748 3389 889 3473 συχνάς,
910 3387 1053 3474 μάλιστα

128 3495 229 3535 mon.
263 3518 270 3531 .
875 3488 907 3537 10
