2354 3840
318 212 405 270 οιο.
437 212 469 269 11.
510 211 608 269 σοι).
642 219 779 275 ιο-ικ
1003 212 1061 277 121

56 374 234 455 Αίγυπτου
249 361 352 455 ούρος
365 373 465 437 τούτο
480 365 517 435 τό
534 364 619 456 ὑπὲρ
636 371 794 455 Μέμφιος
810 375 904 460 ίχον,
927 370 1011 459 πρὸς
1026 372 1062 441 δὲ

57 475 95 556 τῇ
114 464 209 555 χύρη
233 463 311 535 ούτε
332 471 372 553 τῇ
397 462 532 552 Ἀραβίη
553 465 733 557 προσούρῳ
754 469 856 557 ἐούση
877 467 939 557 τὴν
953 478 1062 557 Αίγυ·

55 587 142 634 πτον
155 566 359 650 προσικίλην
376 558 454 632 ούτε
473 571 514 653 τῇ
527 563 655 652 Λιβύη,
685 563 726 632 οὐ
746 563 813 652 μὴν
835 565 913 635 ούδδ
933 575 972 657 τῇ
988 577 1061 636 Συ-

56 672 112 754 ρίη
132 667 208 752 (τῆς
227 659 293 749 γὰρ
315 659 468 750 Ἀραβίης
491 658 531 730 τίι
552 658 642 746 παρὰ
663 665 841 733 θάλασσαν
861 666 984 753 Σύριοι
1004 669 1061 735 νί-

55 762 209 848 μονται),
239 756 323 829 ἀλλὰ
344 759 550 846 μελάγγαιόν
571 785 606 826 τε
620 761 676 827 καί
690 766 960 850 κατερρηγμίνην
977 761 1061 832 όίστε

56 867 181 932 ἐοῦσαν
194 857 272 929 ἰλύν
291 881 328 928 τε
348 863 405 928 καί
423 860 587 948 πρόχυσιν
609 861 642 938 ἐξ
664 865 845 946 Αἰθιοπίης
866 887 1059 949 κατενηνει-

54 962 185 1048 γμένην
195 955 263 1028 ὑπό
277 964 339 1027 τού
351 964 511 1045 ποταμοῦ.
533 956 596 1044 την
610 956 787 1044 δλΛιβύην
801 961 898 1045 ίδμεν
912 961 1059 1046 ἐρυθρο-

56 1061 157 1145 τέρην
171 1080 207 1124 τε
227 1060 292 1143 γῆν
313 1058 368 1125 καί
382 1053 682 1143 ὑποψαμμοτέρην,
707 1053 770 1143 την
790 1060 826 1126 δὲ
846 1055 1005 1145 Ἀραβίην
1023 1082 1059 1124 τε

56 1158 111 1224 καί
124 1160 260 1240 Συρίην
279 1150 565 1242 ἀργιλωδεστέρην
585 1179 620 1221 τε
639 1154 696 1221 καλ
718 1150 910 1241 ὑπόπετρον
925 1158 1057 1222 ἐοῦσαν.

47 1253 187 1340 Ἔλεγον
207 1253 244 1322 ab
256 1254 313 1321 καὶ
327 1251 405 1323 τόδε
423 1277 481 1339 μοι
495 1255 580 1339 μίγα
596 1251 776 1338 τεκμήριον
790 1254 866 1338 περὶ
878 1258 936 1338 της
948 1250 1057 1338 χοίρης
1077 1266 1115 1333 [3,

54 1352 179 1440 ταύτης
199 1356 233 1421 οί
251 1354 353 1439 ίρέες,
376 1349 421 1431 ὡς
440 1352 493 1419 ἐπὶ
506 1356 652 1437 Μοίριος
665 1351 835 1435 βασιλέος,
861 1346 948 1428 ὅκως
963 1354 1058 1416 ἔλθοι

54 1448 73 1520 ὁ
99 1445 249 1534 ποταμός
276 1450 328 1519 ἐπ’
356 1445 442 1518 όκτύ
473 1446 598 1535 πήχεας
626 1444 664 1515 τό
695 1445 883 1534 ἐλάχιστον,
917 1445 1058 1535 ἄρδεσκε

55 1557 232 1634 Αἴγυπτον
250 1544 313 1635 την
334 1552 454 1635 ἐνερθε
474 1549 641 1632 Μέμφιος.
692 1549 748 1614 καὶ
766 1553 874 1633 Μοίρι
899 1545 990 1615 ούκω
1012 1538 1057 1633 ἦν

56 1657 130 1719 ἔτεα
157 1646 328 1719 εἰνακόσια
352 1646 614 1734 τετελευτηκότι,
649 1644 705 1714 ὅτε
734 1652 802 1715 τῶν
828 1650 928 1734 ίρέων
952 1652 1057 1713 ταῦτα

55 1745 120 1835 ἐγώ
136 1745 273 1834 ἤκουον.
309 1751 375 1814 νύν
396 1746 449 1832 δὲ,
466 1742 511 1834 ἢν
524 1743 568 1833 μὴ
584 1743 636 1815 ἐπ’
654 1748 828 1814 ἑκκαίδεκα
847 1743 1058 1832 ἢπενττκαί-

55 1853 137 1917 δεκα
153 1845 276 1935 πήχεας
291 1843 401 1935 ύναβῇ
415 1843 452 1914 τὸ
468 1845 640 1932 ἐλάχιστον
654 1841 673 1914 ό
688 1841 852 1934 ποταμός,
874 1842 936 1912 ούκ
951 1842 1057 1932 ὑπερ-

54 1952 164 2035 βαίνει
187 1947 221 2024 ἐς
246 1942 308 2032 τὴν
326 1943 448 2033 γύρην.
494 1947 651 2016 δοκέουσί
671 1948 709 2015 τέ
730 1973 786 2034 μοι
809 1951 1004 2033 Αἰγυπτίων
1024 1948 1058 2011 οί

54 2050 176 2132 ἔνερθε
198 2048 257 2131 τῆς
280 2048 398 2132 λίμνης
421 2048 478 2131 τῆς
502 2052 646 2134 Μοίριος
674 2050 838 2126 οἰκέοντες
856 2045 898 2114 τά
917 2071 953 2114 τε
971 2041 1056 2113 ύλλα

54 2150 160 2233 χωρία
176 2146 232 2213 καὶ
244 2141 503 2231 τόκαλεόμενον
518 2148 645 2231 Δέλτα,
667 2141 711 2232 ἢν
729 2144 817 2214 ούτω
830 2142 851 2232 ἡ
864 2143 956 2233 χοίρη
971 2142 1055 2230 αὕτη

54 2240 140 2315 κατὰ
162 2242 266 2330 λόγον
289 2245 426 2335 ἐπιδιδῷ
446 2245 480 2323 ἐς
498 2240 586 2325 ύυος
600 2246 656 2312 καί
671 2240 708 2311 τό
724 2241 843 2330 ὁμοῖον
860 2241 1007 2332 ἀποδιδῷ
1022 2243 1055 2319 ἐς

55 2344 215 2432 αὔξησιν,
249 2339 294 2429 μὴ
317 2341 579 2424 κατακλύζοντος
609 2338 716 2429 αὐτὴν
742 2348 803 2409 τοῦ
827 2346 954 2410 Νείλου
981 2347 1054 2407 πεί-

56 2451 179 2511 σεσθαι
191 2436 253 2508 τόν
266 2438 377 2509 ποίντα
395 2439 521 2527 χρόνον
533 2437 594 2508 τόν
608 2442 780 2508 ἐπίλοιπον
796 2440 991 2526 Αίγύπτιον,
1016 2435 1054 2504 τό

55 2564 133 2610 κοτε
146 2535 410 2626 αύτολἝλληνας
425 2544 555 2626 ἔφασαν
568 2545 752 2604 πείσεσθαι.
774 2536 964 2622 πυθόμενοι
978 2532 1054 2620 γὰρ,

56 2634 102 2716 ὥς
121 2634 217 2704 ύεται
235 2642 326 2704 πᾶσα
345 2633 368 2725 ἡ
387 2636 478 2725 χοίρη
499 2643 567 2704 τῶν
585 2633 771 2722 Ἑλλήνων,
793 2633 867 2704 ἄλλ’
890 2633 932 2703 ού
953 2658 1056 2702 ποτα-

56 2748 148 2822 μολσι
171 2732 307 2823 ἄρδεται
320 2733 491 2823 εκατοίπερ
523 2732 545 2820 ἡ
564 2735 724 2821 σφετέρη,
749 2737 879 2818 ἔφασαν
896 2729 1057 2818 Ἕλληνας

56 2835 267 2916 δενσθίντας
281 2833 356 2902 κοτὲ
371 2836 503 2912 ἐλπίδος
519 2832 664 2918 μεγύλης
677 2837 788 2909 κακῶς
800 2830 981 2918 πεινήσειν.
1018 2825 1055 2896 τὸ

56 2933 94 3001 δὲ
108 2936 189 3011 ἐπος
203 2939 302 3002 τούτο
318 2935 427 3003 ἐθέλει
444 2933 565 3018 λέγειν,
579 2929 623 3010 ὥς
637 2937 668 3001 εί
680 2928 724 3018 μη
740 2931 893 3018 ἐθελήσει
908 2950 969 3016 σφι
982 2927 1058 2996 ὕειν

56 3027 75 3098 ὁ
102 3024 204 3116 θεὸς,
237 3027 311 3098 ἀλλ’
342 3028 457 3121 αύχμῷ
483 3034 700 3116 διαχρᾶσθαι,
732 3034 817 3118 λιμῷ
844 3032 878 3095 οἱ
901 3026 1058 3112 Ἕλληνες

56 3127 314 3216 αίρεθήσονται·
348 3127 389 3196 ού
422 3125 486 3214 γὰρ
517 3128 559 3215 δή
586 3133 650 3214 σφί
678 3128 745 3194 ἐστι
770 3122 893 3203 ὕδατος
919 3121 1058 3211 ούδεμία

56 3228 144 3314 ίίλλη
168 3224 382 3316 ἀποστροφὴ,
410 3226 462 3296 ότι
485 3227 529 3315 μὴ
556 3231 592 3297 ἐκ
616 3234 677 3296 τοῦ
701 3223 786 3305 Διὸς
808 3231 947 3313 μούνου.
993 3231 1059 3296 Καί
1076 3250 1106 3303 ις

54 3334 162 3397 ταῦτα
176 3329 239 3415 μὲν
254 3329 288 3407 ἐς
300 3324 463 3414 Ἕλληνας
479 3332 597 3414 ἔχοντα
612 3333 825 3414 Αίνγπτίοισι
838 3324 950 3415 ὀρθοῖς
965 3333 1058 3413 είρη-

53 3455 119 3496 ται.
172 3425 255 3509 φέρε
283 3425 320 3493 δὲ
350 3433 416 3493 νῦν
441 3428 498 3494 καὶ
528 3427 655 3494 αύτοῖσι
682 3430 895 3511 Αἰγυπτίοισι
923 3423 967 3503 ὡς
992 3430 1058 3512 ἔχει
