2354 3840
136 182 199 244 284
513 184 767 243 ΗΕΒΟΒΟΉ

133 341 264 410 τούτων
286 341 413 410 ἐόντων
433 354 517 410 τοῖσι
537 345 773 427 Ταραντίνοισι
795 349 906 428 φίλων
931 346 1078 432 μάλιστα
1098 345 1135 434 δή

132 440 195 528 τήν
221 442 368 510 κάτοδόν
396 446 431 508 οί
460 446 606 508 ἔσεσθαι.
655 449 800 527 Δαρεῖος
828 443 865 511 δέ
892 441 1135 532 ὑποδεξάμενος

132 540 296 607 ἐπετέλεε·
328 538 459 623 πέμψας
487 533 553 622 γάρ
585 533 730 621 άγγελον
760 540 793 615 ές
822 545 952 608 Κνίδον
977 542 1135 628 κατάγειν

131 639 236 721 σφέας
267 637 397 703 ἐκέλευε
427 639 551 701 Γίλλον
581 635 614 710 ἐς
649 634 822 718 Τάραντα·
864 639 1067 725 πειθόμενοι
1102 640 1136 708 δέ

130 737 265 820 Δαρείῳ
291 733 424 798 Κνίδιοι
456 735 685 815 Ταραντίνους
712 728 776 799 ούιι
801 725 851 800 ῶν
879 739 1040 822 ἔπειθον,
1062 743 1136 823 βίην

131 831 167 895 δὲ
185 827 346 894 ἀδύνατοι
370 819 459 914 ἦσαν
484 829 699 915 προσφέρειν.
732 836 837 898 ταῦτα
859 834 921 917 μέν
952 858 1023 901 νυν
1050 831 1136 901 οὕτω

131 923 298 1010 ἐπρήχθη,
317 915 411 990 ούτοι
434 923 471 989 δδ
487 929 613 1008 πρῶτοι
629 925 666 990 ἐκ
675 929 734 1009 τῆς
746 922 853 1012 Ἀσίης
868 930 902 1006 ἐς
922 925 987 1016 τήν
995 927 1135 998 Ἑλλάδα

131 1017 291 1088 ἀπίκοντο
303 1020 449 1106 Πέρσαι,
472 1021 528 1087 καὶ
542 1012 636 1088 οὗτοι
654 1019 709 1098 διά
726 1024 860 1091 τοιόνδε
875 1032 1013 1113 πρῆγμα
1033 1029 1134 1096 κατά-

134 1139 253 1186 σκοποι
271 1121 434 1205 ἐγένοντο.

68 1227 117 1284 189
216 1223 349 1284 ΜΕΤΑ
369 1217 528 1284 δὲταῦτα
545 1215 665 1302 Σάμον
680 1217 839 1304 βασιλεύς
851 1228 999 1307 Δαρεῖος
1020 1228 1132 1312 αίρέει,

128 1323 256 1384 πολίων
272 1320 406 1385 πασέων
421 1313 770 1403 πρότηνἙλληνίδων
785 1320 841 1386 καί
850 1321 1055 1410 βαρβάρων,
1080 1321 1131 1392 διά

127 1413 261 1501 τοιήνδε
280 1412 356 1482 τινά
372 1419 497 1500 αίτίην·
529 1413 721 1500 Καμβύσεω
737 1420 799 1481 τοῦ
814 1414 935 1503 Κύρου
949 1435 1131 1504 στρατευο-

128 1513 233 1596 μένου
255 1506 301 1578 ἐπ’
320 1520 495 1596 Αἴγυπτον
515 1508 610 1580 άλλοι
632 1537 668 1578 τε
690 1513 806 1597 συχνοὶ
829 1515 862 1591 ἐς
881 1510 946 1600 τήν
955 1523 1130 1600 Αἴγυπτον

130 1606 480 1696 άπίιιοντοἘλλήνων,
496 1614 531 1678 οί
543 1611 623 1695 μὲν,
639 1606 683 1688 ῶς
697 1607 805 1696 οίιιδς,
820 1608 895 1679 κατ’
911 1614 1088 1700 ἐμπορίην,
1103 1616 1132 1681 οί

132 1709 168 1774 δὲ
178 1705 446 1792 στρατευόμενοι,
460 1712 494 1775 οί
503 1708 543 1773 δέ
549 1732 637 1785 τινες
646 1710 700 1775 καὶ
713 1703 815 1793 αύτῆς
824 1714 882 1795 τῆς
887 1709 997 1797 χόρης
1003 1712 1130 1798 θηηταλ,

130 1812 199 1874 τῶν
213 1798 257 1892 ἦν
278 1808 334 1874 καὶ
354 1813 521 1875 Συλοσῶν
541 1804 560 1876 ὁ
580 1809 741 1894 Αἰάκεος,
760 1809 998 1894 Πολυκράτεός
1016 1824 1054 1880 τε
1069 1809 1131 1880 ἐῶν

130 1901 293 1990 ἀδελφεός
317 1907 373 1973 ιιαλ
398 1905 536 1992 φεύγων
564 1907 599 1973 ἐκ
620 1905 751 1992 Σάμου.
791 1911 912 1973 τοῦτον
933 1904 994 1974 τόν
1018 1900 1130 1978 Συλο-

131 2011 243 2071 σῶντα
257 2007 417 2090 κατέλαβε
434 2001 569 2090 εὐτυχίη
583 2030 632 2082 τις
642 2001 770 2089 τοιήδε·
793 2001 908 2091 λαβῶν
921 2009 1063 2091 χλανίδα
1078 2007 1129 2073 καί

128 2104 392 2192 περιβαλόμενος
406 2102 541 2191 πυρρήν
554 2101 695 2190 ήγόραζε
712 2104 750 2171 ἐν
762 2109 803 2191 τῇ
816 2106 945 2189 Μέμφι.
990 2102 1076 2173 ίδῶν
1095 2106 1130 2174 δέ

131 2197 235 2271 αὐτόν
248 2211 409 2287 Δαρεῖος,
426 2200 616 2288 δορυφόρος
627 2226 663 2268 τε
677 2200 743 2267 ἐῶν
754 2201 945 2288 Καμβύσεω
955 2205 1011 2270 καί
1027 2203 1130 2289 λόγου

129 2297 270 2378 ούδενός
298 2325 346 2367 κω
375 2298 542 2385 μεγάλου,
576 2297 768 2383 ἐπεθύμησε
796 2304 854 2384 τῆς
886 2303 1042 2386 χλανίδος
1075 2301 1129 2368 καὶ

129 2395 236 2485 αύτήν
262 2395 465 2485 προσελθών
491 2395 619 2464 ῶνέετο.
664 2392 682 2463 ὁ
708 2396 745 2462 δέ
759 2402 925 2464 Συλοσῶν
942 2393 1052 2482 όρέων
1071 2395 1130 2466 τόν

128 2506 276 2581 Δαρείου
296 2495 448 2581 μεγάλως
462 2496 689 2580 ἐπιθυμέοντα
708 2500 766 2580 τῆς
779 2498 1029 2582 χλανίδος,θείη
1048 2497 1131 2584 τύχη

124 2593 303 2681 χρεόμενος
319 2594 424 2680 λέγει·
453 2591 534 2676 ’Τηιδ
550 2594 676 2678 ταύτην
690 2596 807 2677 πωλέω
821 2592 884 2677 μέν
898 2590 1039 2672 οὐδενός
1048 2597 1130 2683 χρή-

115 2717 236 2780 ματος,
268 2693 389 2777 δίδωμι
418 2687 456 2758 δέ
486 2686 614 2774 ἄλλως,
646 2697 739 2777 εἴπερ
770 2686 858 2758 ούτω
889 2694 945 2759 δεῖ
971 2693 1134 2776 γενέσθαι

117 2791 265 2872 πάντως·
296 2791 432 2870 αίνέσας
460 2795 568 2858 ταῦτα
593 2787 612 2859 ὁ
638 2801 784 2878 Δαρεῖος
814 2789 1068 2880 παραλαμβάνει
1097 2791 1134 2861 τὰ

124 2885 209 2978 εἷμα.
249 2888 286 2959 ‘O
300 2893 363 2977 μὲν
379 2887 420 2976 δή
435 2894 602 2957 Συλοσῶν
615 2887 776 2973 ήπίστατό
792 2890 827 2954 οί
837 2894 937 2955 τοῦτο
954 2887 1127 2959 ἀπολωλέ-

60 2985 110 3041 140
124 3016 179 3058 ναι
192 2986 238 3057 δι’
252 2985 421 3075 εύήθειαν.
452 2986 498 3067 ὡς
512 2989 548 3055 δέ
560 2994 622 3054 τοῦ
636 2986 763 3072 χρόνον
780 2993 1022 3073 προβαίνοντος
1028 2996 1127 3077 Καμ-

124 3088 230 3178 βύσης
249 3111 286 3154 τε
301 3084 453 3154 ἀπέθανε
479 3088 535 3153 καὶ
560 3091 606 3174 τῷ
632 3084 728 3174 μόγφ
743 3085 970 3170 ἐπανέστησαν
991 3090 1026 3154 ὀί
1045 3087 1126 3156 ἐπτόι

125 3186 179 3254 καὶ
199 3185 235 3250 ἐκ
252 3190 321 3250 τῶν
336 3179 416 3250 ἑπτά
432 3194 577 3270 Δαρεῖος
596 3178 659 3267 τήν
678 3186 856 3269 βασιληίην
866 3187 956 3269 έσχε,
987 3186 1127 3253 πυνθά-

124 3306 216 3350 νεται
231 3276 249 3348 ὁ
266 3287 450 3366 Συλοσῶν,
471 3277 516 3359 ῶς
533 3276 556 3368 ἡ
570 3285 725 3368 βασιληίη
740 3279 978 3366 περιεληλύθοι
997 3282 1030 3359 ἐς
1047 3289 1125 3350 τοῦ·

112 3402 176 3445 τον
191 3373 255 3446 τόν
270 3373 401 3469 ἄνδρα,
424 3383 471 3472 τῷ
486 3377 562 3450 ιιοτὶ
581 3374 684 3456 αὐτὸς
702 3381 804 3445 έδωιιε
825 3377 860 3444 ἐν
880 3381 1035 3445 Αίοόιιτω
1049 3383 1123 3461 δεη-
