2354 3840
107 218 149 280 14
481 220 733 279 ιιοιιοοοτι
860 180 864 186 ’

104 382 323 468 στραμμένων
345 380 382 448 δὲ
405 379 535 448 τούτων
550 382 606 448 καὶ
625 382 945 468 προσεπικτωμένου
957 386 1112 468 Κροίσου

104 483 262 565 Λυδοῖσι,
288 477 505 548 ἀπικνέονται
529 482 563 558 ἐς
582 479 711 567 Σάρδις
735 477 945 566 ἀκμαζούσας
971 481 1112 572 πλούτφ

103 581 198 652 ἀλλοι
212 607 249 648 τε
266 585 300 649 οί
312 579 434 659 πάντες
448 583 486 648 ἐκ
498 587 557 667 τῆς
565 579 722 659 Ἑλλάδος
736 580 910 668 σοφισταί,
931 588 966 650 οδ
983 586 1108 649 τοῦτον

102 679 163 750 τόν
182 678 307 765 χρόνον
329 677 512 764 ἐτύγχανον
531 677 659 764 ἐόντες,
681 674 725 757 ὡς
746 679 883 758 ἕκαστος
897 677 1009 748 αὐτῶν
1025 676 1110 748 άπι-

34 858 38 865 *
103 781 250 862 κνέοιτο,
265 779 321 844 καί
336 772 377 863 δὴ
392 777 448 844 καὶ
460 777 584 845 Σόλων
597 772 683 863 ἀνήρ
696 773 882 862 Ἀθηναῖος,
898 774 936 855 ὃς
947 775 1119 864 Ἀθηναίε
1141 779 1146 789 ’

103 894 170 944 οισι
190 873 317 960 νόμους
337 874 514 943 κελεύσασι
537 874 678 961 ποιήσας
700 871 892 962 ἀπεδήμησε
917 880 990 944 ἔτεα
1013 878 1108 960 δέκα,

103 969 186 1040 κατά
200 977 345 1059 θεωρίης
360 971 533 1058 πρόφασιν
549 971 737 1059 ἐκπλάσας,
755 975 812 1040 ἵνα
828 971 868 1061 δή
883 974 930 1063 μή
945 1000 1021 1042 τινα
1037 979 1108 1041 τῶν

102 1070 218 1157 νόμων
232 1065 274 1136 ἀν
284 1076 432 1158 ιγκασθή
441 1076 541 1138 λύσαι
551 1076 620 1138 τοῖν
636 1075 742 1138 ἔθετο.
772 1068 867 1140 αύτοδ
882 1070 948 1160 γάρ
963 1068 1027 1140 ούκ
1040 1067 1112 1140 οἷοί

102 1199 138 1241 τε
152 1164 239 1258 ἦσαν
253 1165 334 1236 οάτδ
350 1176 486 1256 ποιησαι
497 1168 686 1257 Ἀθηναίοι·
702 1167 844 1259 ὁρκίοισι
855 1169 919 1258 γάρ
931 1171 1104 1258 μεγάλοισι

103 1275 291 1354 κατείχοντο
315 1269 395 1336 δέκα
410 1273 484 1336 ἐτεα
503 1267 689 1355 χρήσεσθαι
708 1268 858 1355 νόμοισι,
880 1266 959 1348 τούς
979 1268 1022 1337 άν
1044 1289 1107 1354 σφι

59 1367 226 1438 θοΣόλων
245 1371 356 1452 θήται.
393 1363 517 1434 Αύτάν
540 1364 581 1453 δή
605 1359 653 1434 ἀν
677 1366 807 1435 τούτων
820 1370 875 1436 καὶ
888 1375 945 1454 τής
959 1375 1108 1454 θεωρίης

105 1463 290 1554 ἐκδημήσας
304 1461 323 1533 ὁ
339 1463 461 1533 Σόλων
483 1468 611 1533 ελνεκεν
626 1469 659 1545 ἐς
674 1475 848 1552 Αίγυπτον
865 1462 998 1534 ἀπίκετο
1012 1464 1107 1550 παρά

96 1565 237 1652 ’Ἁμασιν
250 1565 306 1632 καί
325 1560 366 1650 δή
382 1567 438 1632 καὶ
452 1567 485 1642 ἐς
498 1564 627 1648 Σάρδις
647 1563 737 1652 παρά
752 1572 909 1652 Κροῖσον.
942 1562 1103 1651 ἀπικόμε-

103 1691 161 1742 νος
176 1661 211 1730 δὲ
226 1664 395 1742 ἐξεινίζπο
413 1665 450 1730 ἐν
464 1676 549 1730 τοῖσι
564 1669 765 1749 βασιληίοισι
778 1661 845 1730 ὑπὸ
860 1672 921 1732 τού
935 1670 1104 1750 Κροίσου·

42 1848 45 1859 Ι
103 1757 184 1848 μετά
199 1757 252 1844 δὲ,
272 1755 380 1847 ἡμέρη
396 1765 490 1848 τρίτη
503 1754 525 1847 ή
539 1761 696 1849 τετάρτη,
718 1760 938 1840 κελεύσαντος
953 1765 1106 1844 Κροίσου

42 1862 45 1869 ’
103 1859 162 1929 τὸν
173 1859 317 1928 Σόλωνα
326 1859 534 1943 θεράποντες
542 1866 703 1948 περιήγον
713 1859 796 1929 κατά
807 1860 886 1940 τούς
895 1865 1106 1948 θησαυρούς,

103 1961 158 2027 καὶ
181 1961 420 2027 ἐπεδείκνυσαν
444 1958 554 2026 πάντα
579 1958 679 2027 ἐόντα
703 1959 831 2045 μεγάλα
855 1984 890 2025 τε
916 1960 971 2026 καὶ
995 1955 1104 2044 ὄλβια.

50 2114 52 2121 ,
103 2057 320 2176 θηησάμενογ
345 2059 385 2124 δέ
401 2083 461 2143 μιν
479 2055 520 2125 τά
541 2057 651 2126 πάντα
669 2061 725 2127 καὶ
746 2058 976 2144 σκεψάμενον,
1006 2053 1051 2134 ύς
1072 2062 1109 2125 οι

104 2151 186 2224 κατά
208 2181 228 2252 κ
249 2150 329 2237 ιρόν
350 2145 412 2241 ήν,
437 2164 543 2241 εἴρετο
565 2153 745 2239 ὁΚροϊσος
759 2155 855 2224 τάδε·
887 2161 983 2233 ,Ξεῑνε
1000 2152 1103 2240 Ἀθη

103 2267 192 2336 ναιε,
211 2247 255 2318 π
258 2277 278 2334 ρ
277 2246 456 2338 ’ἡμέας
415 2277 481 2338 γαρ
497 2255 572 2335 περὶ
587 2256 642 2321 σέο
655 2252 756 2338 λόγος
766 2251 900 2320 ἀπῖκται
911 2248 1034 2329 πολλὸς
1048 2254 1106 2319 καὶ

104 2354 222 2434 σοφίης
237 2352 416 2416 εἵνεκεν
377 2376 434 2436 της
451 2358 510 2437 σῆς
524 2354 580 2420 καὶ
594 2348 776 2438 πλάνης,
754 2378 799 2429 ως
813 2352 1025 2437 φιλοσοφέων
1038 2357 1106 2435 γῆν

103 2445 231 2533 πολλήν
250 2451 450 2535 θεωρίης”
418 2473 546 2516 εινεκεν
571 2450 796 2536 ἐπελήλυθας·
830 2453 896 2514 νύν
917 2440 966 2516 ἀν
988 2449 1104 2532 ἵμερος

104 2550 300 2630 ἐπείρεσθαί
305 2572 363 2632 μοι
374 2549 511 2634 ἐπῆλθε,
526 2556 561 2615 εί
566 2574 642 2617 τινα
650 2547 714 2635 ήδη
728 2547 865 2615 πάντων
879 2544 963 2624 εἶδες
980 2542 1106 2632 ὀλβιό-

103 2669 219 2712 τατον·
253 2641 290 2710 ‘0
314 2642 376 2728 μὲν
403 2646 542 2724 ἐλπίζων
573 2643 658 2713 εἶναι
685 2641 878 2731 ἀνθρώπων
904 2641 1106 2731 ὀλβιώτατος

103 2747 206 2810 ταῦτα
222 2737 404 2831 ἐπειράτα,
428 2741 551 2810 Σόλων
565 2741 602 2810 δὲ
615 2738 716 2811 οὐδὲν
731 2739 995 2827 ὑποθωπεύσας,
1017 2736 1104 2808 ἀλλά

102 2844 149 2928 τῷ
167 2835 256 2905 ἐόντι
270 2836 477 2924 χρησάμενος
490 2841 595 2925 λέγει·
623 2833 662 2905 Ὦ
678 2845 833 2926 βασιλεῦ,
859 2841 984 2907 Τέλλον
1001 2835 1106 2922 Ἀθη-

104 2948 210 3004 ναίον.
260 2929 501 3020 ’ἀποθωμάσας
515 2935 553 3004 δὲ
565 2944 710 3023 Κροῖσος
723 2933 761 3004 τό
776 2935 898 3021 λεχθὲν
909 2945 1013 3021 είρετο
1030 2938 1106 3002 ἐπι-

104 3035 287 3120 στρεφέως·
323 3037 409 3120 Κοίη
429 3030 470 3118 δή
492 3040 618 3117 κρίνεις
638 3031 810 3104 Τέλλον
779 3059 863 3101 ειναι
881 3031 1105 3120 ὀλβιότατον;

99 3129 135 3199 ‘0
160 3126 254 3198 δέ
224 3153 309 3196 ειπε·
343 3132 453 3220 Τέλλῳ
477 3139 576 3198 τοῦτο
598 3131 660 3217 μὲν
680 3138 738 3217 τῆς
760 3130 876 3208 πόλιος
897 3124 937 3199 εὖ
955 3127 1104 3218 ἡκούσης

104 3219 254 3305 παῖδες
232 3245 319 3314 ήσαν
332 3236 431 3306 καλοί
442 3256 477 3299 τε
491 3227 645 3317 κάγαθοὶ,
661 3237 720 3299 καί
731 3250 791 3316 σφι
807 3224 910 3298 είδε’
887 3250 990 3297 απασι
1003 3231 1104 3297 τέκνα

105 3324 306 3412 ἐκγενόμενα
320 3328 375 3394 και
389 3326 499 3397 πάντα
512 3333 773 3414 παραμείναντα,
787 3334 885 3395 τοῦτο
902 3326 938 3395 δὲ
953 3350 1013 3393 του
1000 3332 1104 3412 βίον

105 3415 143 3488 εύ
158 3419 290 3509 ήκοντι,
313 3449 357 3502 ως
370 3421 411 3488 τά
426 3420 500 3508 παρ’
516 3420 612 3510 ἡμῖν,
633 3423 768 3511 τελευτή
783 3450 844 3492 του
829 3429 936 3510 ”’βιου
951 3431 1103 3506 λαμπρο-
