2354 3840
325 191 411 248 LIB.
443 191 464 246 1.
499 188 599 248 061³.
635 194 806 252 173-178
1029 194 1070 256 96

49 363 119 431 σφι
133 351 237 414 τοῦτο
253 348 393 431 ἐγένετο.
417 338 514 415 οὗτοι
524 352 592 413 τόν
606 348 683 435 περὶ
693 353 825 436 Καρίην
839 346 974 439 ἀνδρῶν
985 360 1071 439 μοῦ-

53 452 116 517 νοί
122 475 160 517 τε
172 442 336 573 ἀντέσχον
336 445 491 559 γρόνορ“’
479 442 640 549 λρπόγρι
650 450 707 516 καὶ
717 449 893 571 πρήγματα
904 454 1071 542 παρέσχον

52 555 216 643 πλείστα,
234 538 343 663 οὖρος
336 538 569 673 τειχίσαντες,
583 554 629 638 τῷ
645 542 775 634 οὔνομα
768 549 861 618 ’ἐστι
874 556 968 639 Λίδη.
998 560 1072 641 Πη-
1088 572 1140 628 176

55 638 177 769 δασέες
197 648 311 747 μέν
277 674 344 716 νυν
345 649 470 755 χρόνῳ
493 642 731 737 ἐξαιρέθησαν,
752 650 930 737 Λόκιοιδέ
937 651 1017 740 ,ὧς
1038 658 1071 736 ἐς

55 773 95 815 το
82 740 273 843 Ξάνθιον
278 736 396 818 πεδίον
406 740 539 872 ήλασε’
524 777 543 817 ο
557 745 769 870 ’Ἇρπριγος
735 775 795 817 τον
805 749 959 840 στρατόν,
975 756 1071 836 ἐπεξ-

54 852 172 927 ιόντες
171 832 273 917 ’καὶ
264 840 449 943 μαχόμενοι
463 844 576 935 ὀλίγοι
590 844 674 936 πρός
687 846 874 928 πολλοὺς’
854 848 974 939 αρετδς
989 850 1072 921 ἀπε-

57 940 260 1034 δείκνυντα,
276 938 480 1070 έσσρεδέντες
497 949 604 1016 δὲκαὶ
619 942 870 1039 κατειληθέντες
886 948 967 1030 ἐς
933 978 970 1020 το
986 951 1071 1020 όστυ

61 1046 251 1134 συνήλισαν
263 1034 342 1128 63⁵¹*
305 1058 372 1147 την
378 1034 617 1167 ἇκρόπρλιν’
574 1073 634 1127 τας
640 1074 675 1116 τε
667 1064 843 1137 γυναῖκας
855 1055 910 1120 καί
920 1080 960 1121 τα
948 1051 1071 1123 τέκνα

61 1139 177 1266 κρδ
138 1169 180 1212 τα
179 1142 367 1270 Ι,χρήματα
368 1149 424 1216 καί
444 1142 524 1227 τοὺς
544 1143 688 1237 οἰκέτας,
709 1150 772 1216 καλ
787 1148 950 1218 ἔπειτεν
931 1158 1071 1239 υπῆψαν

61 1241 127 1332 τήν
141 1234 335 1347 ἀκρόπολιν
348 1248 461 1314 πᾶσαν
459 1245 604 1339 ταύτην
618 1252 782 1314 καίεσθαι.
805 1256 909 1317 ταῦτα
924 1252 961 1317 66
971 1275 1071 1338 ποιη

62 1342 183 1423 σαντες
199 1332 256 1412 κἀδ
271 1334 519 1465 σρνρμόσαντες
534 1340 657 1462 ὅρκους
672 1341 821 1433 δεινοὺς,
836 1347 1071 1428 ἐπεξελθόντες

63 1436 242 1510 ἀπέθανον
261 1422 384 1522 πόντες
399 1436 570 1533 Ξόνδιοι
560 1438 750 1529 μαχόμενοι.
778 1448 847 1510 τόν
864 1445 901 1512 66
921 1453 986 1513 νῦν
1001 1454 1074 1514 Λυ-

64 1546 150 1609 κίων
176 1538 337 1647 φαμένρρνΙ
348 1526 516 1637 Ξανθίων
542 1537 685 1607 εἶναιοί
670 1543 823 1609 ίπολλοὶ
828 1539 948 1630 ,πλήν
964 1539 1073 1630 6766-

63 1665 170 1707 κοντα
187 1622 335 1735 conida),
359 1643 421 1709 είσλ
433 1628 615 1759 ἐπήλυδες·
645 1640 681 1705 ac
701 1636 738 1706 66
761 1591 953 1761 ὀγδώκοντα
974 1647 1074 1710 ίστίαι

64 1729 166 1806 αὗται
180 1742 299 1858 ἐτρηον
311 1745 494 1837 τηνικαῦτα
511 1740 741 1825 ἐκδημέουσαι,
756 1737 867 1806 πεδ’
824 1765 913 1808 ουτω
924 1745 1074 1829 περιεγέ·

64 1859 177 1902 νοντα.
199 1831 262 1931 τήν
279 1841 342 1924 μέν
357 1820 402 1952 ’δή
410 1832 604 1910 Ξόνθον”
560 1861 649 1902 ουτω
661 1833 790 1916 ἐσγεδ“
784 1846 951 1959 Αρπαγος,
964 1865 1074 1918 παρα-

64 1938 215 2055 πλησίως
232 1920 269 2002 66
289 1938 345 2004 καὶ
364 1929 426 2023 τήν
447 1941 588 2003 Καῦνον
609 1935 699 2019 ἔσχε
727 1940 782 2002 καί
798 1939 862 2022 γὰρ
880 1944 915 2004 oc
928 1941 1073 2007 Καύνιοι

68 2030 147 2112 τούς
160 2038 310 2112 Λυκίους
326 2034 527 2123 ἐμιμήσαντο
542 2059 583 2100 τα
571 2030 695 2099 πλέον.

22 2180 39 2196 ,
155 2140 215 2202 ΤΑ
238 2135 300 2253 μέν
316 2159 383 2201 νυν
405 2133 496 2202 κότε)
518 2139 576 2217 τῆς
594 2128 702 2217 Ἀσίης
718 2127 884 2217 Αρπαγος
906 2129 1075 2204 ἆναστατα
1091 2153 1139 2211 177

68 2234 195 2318 ἐποίεε,
210 2257 251 2299 τα
239 2227 343 2301 66⁹
319 2258 391 2300 ανω
407 2229 510 2325 αὐτῇς
520 2226 621 2307 αὐτὸς
633 2234 763 2352 Κήρος,
779 2235 848 2297 πᾶν
859 2236 960 2310 ἔθνος
971 2259 1074 2300 κατα-

66 2327 296 2416 στρεφόμενος
304 2332 361 2398 Ικαὶ
372 2316 477 2397 οὐδὲν
484 2333 622 2414 παριείς
645 2323 685 2393 τδ
700 2329 762 2414 μέν
778 2354 844 2395 νυν
859 2326 971 2399 αὐτῶν
985 2334 1074 2400 πλέω

65 2427 281 2548 παρήσομεν,
288 2453 329 2495 τα
317 2424 423 2496 δέί
388 2453 407 2496 ο
408 2428 575 2511 ίπαρέσχε
584 2424 693 2493 πόνον
703 2450 738 2491 τε
749 2433 904 2493 πλεῖστον
914 2431 968 2495 καέ
979 2427 1073 2510 ἀξια·-

65 2523 290 2647 πηγητότατα
271 2523 382 2613 ’ἐστι,
404 2525 534 2592 τούτων
545 2522 780 2615 ἐπιμνήσομαι.
826 2530 939 2610 Κῦρος
967 2528 1075 2595 ἐπείτε
1091 2520 1142 2602 178

65 2622 107 2694 τὰ
123 2622 234 2692 πόντοι
250 2627 307 2710 τῆς
321 2618 463 2710 ήπείρου
474 2616 677 2707 ὑποχείρια’
659 2621 853 2710 εποιήσατο,
872 2620 1074 2714 Ἀσσυρίοισι

66 2726 249 2792 ἐπετίθετο.
290 2724 356 2807 Τής
382 2716 450 2787 66'
445 2725 618 2809 Ασσυρίης
643 2719 713 2788 έστδ
735 2720 799 2840 μέν
822 2746 884 2791 κου
907 2724 964 2790 καὶ
989 2722 1074 2793 ἄλλα

65 2826 253 2904 πολίσματα
276 2818 404 2904 μεγάλα
425 2815 550 2905 πολλοὶ,
579 2814 615 2884 τὸ
645 2817 682 2884 δὲ
705 2816 996 2905 οὐνομαστότατου
1020 2823 1075 2890 καὶ

66 2914 303 3004 ίσχυρότατον,
321 2919 377 2984 καὶ
392 2923 479 2986 ἔνθα
490 2935 550 3003 σφι
562 2921 674 2985 Νίνου
689 2913 879 2985 ἀναστάτου
892 2920 1074 3005 γενομένης

67 3016 106 3086 τὰ
123 3016 282 3104 βασιλήια
300 3017 513 3106 κατεστήκεε,
528 3008 572 3103 ήυ
588 3021 821 3101 ΒΑΒΥΛΩΝ,
844 3017 944 3083 ἐοῦσα
958 3017 1092 3089 vom.

66 3147 105 3208 τη
117 3117 162 3206 δή
172 3142 223 3196 τις
234 3117 339 3196 πόλις.
363 3120 471 3186 κέεται
482 3118 520 3184 ἐν
530 3120 634 3207 πεδίῳ
648 3115 797 3206 μεγάλῳ,
813 3116 960 3201 μέγαθος
972 3116 1073 3183 ἐοῦσα

66 3222 222 3309 μέτωπον
247 3219 387 3288 ἕκαστον
409 3226 515 3286 είκοσι
536 3219 592 3284 καὶ
618 3211 737 3283 ἑκατόν
761 3217 922 3300 σταδίων,
955 3213 1075 3299 ἐούσης

66 3312 297 3407 τετραγώνου
320 3309 414 3386 οὗτοι
430 3316 559 3385 στάδιοι
573 3320 631 3402 τῆς
644 3315 805 3400 περιόδου
819 3320 876 3400 τῆς
889 3311 1007 3392 πόλιος
1024 3316 1074 3396 γί-

69 3440 184 3486 νονται
201 3414 411 3495 συνάπαντες
434 3412 627 3501 ὀγδώκοντα
642 3414 697 3480 καὶ
712 3411 928 3499 τετρακόσιοι.
952 3407 989 3476 τδ
1011 3415 1074 3496 μέν
