2340 3832
129 209 186 270 190
496 214 746 271 HERODOTI

121 369 198 449 κτδς
212 397 277 457 μυς
290 368 495 459 ἀρουραίους
508 369 592 438 κατά
609 371 672 458 μὲν
695 384 817 458 φαγεῖν
840 371 919 452 τούς
933 383 1124 464 φαρετρεῶ-

121 500 182 551 νας
203 470 331 555 αὐτῶν,
359 470 443 540 κατὰ
461 473 498 540 δὲ
512 470 553 540 τά
568 471 665 559 τόξα,
687 471 772 557 πρός
786 475 823 540 δέ
836 480 905 542 τῶν
918 470 1071 541 ἀσπίδων
1084 471 1122 541 τά

121 569 241 657 όχανα,
264 569 347 638 άστε
367 577 408 659 τῇ
434 569 593 659 ὑστεραίῃ
614 572 814 658 φευγόντων
841 576 955 659 σφέων
983 577 1124 659 γυμνῶν

121 666 237 736 ὅπλων
264 670 396 735 πεσέειν
424 668 579 746 πολλούς.
626 672 682 736 καὶ
706 676 772 737 νῦν
795 662 895 748 οὗτος
921 668 939 738 ὁ
964 667 1124 757 βασιλεύς

119 768 235 853 ἕστηκε
255 769 292 834 έν
308 774 354 856 τῷ
372 770 434 856 ἱρῷ
448 773 509 832 τοῦ
523 764 709 852 Ἡφαίστου
724 773 874 852 λίθινος,
897 773 982 854 έχων
999 769 1052 835 ἐπὶ
1065 773 1123 852 τῆς

117 860 227 947 χειρός
251 868 337 948 μῦν,
368 864 477 948 λέγων
502 859 558 930 διὰ
582 862 787 948 γραμμάτων
807 863 886 931 τάδε
932 861 1001 931 ἘΣ
1019 860 1127 931 ἘΜΕ

122 964 202 1025 ΤΙΣ
219 955 384 1029 ὈΡΕΩΝ
402 968 621 1029 ΕΥΣΕΒΗΣ
641 957 780 1028 ΈΣΤΩ.

53 1072 102 1127 142
199 1053 266 1125 ἘΣ
283 1065 391 1126 ΜΕΝ
408 1057 547 1129 τοσόνδε
567 1062 628 1125 τού
649 1057 755 1143 λόγου
769 1058 951 1144 Λίγύπτιοί
968 1084 1004 1126 τε
1018 1061 1123 1126 καλοί

117 1160 203 1243 ἱρέες
218 1163 350 1242 ἔλεγον,
376 1153 636 1235 ἀποδεικνύντες
650 1154 716 1225 άπὸ
738 1164 799 1225 τού
816 1157 952 1245 πρύτον
965 1158 1118 1245 βασιλέος

117 1256 151 1334 ἐς
164 1263 225 1323 τοῦ
244 1254 428 1341 Ἡφαίστου
443 1252 504 1322 τόν
517 1256 589 1339 ἱρέα
603 1261 724 1323 τοῦτον
738 1252 799 1323 τὸν
815 1263 1005 1324 τελευταῖον
1019 1262 1119 1341 βασι-

115 1354 280 1421 λεύσαντα
295 1360 376 1439 μίαν
389 1380 425 1421 τε
441 1355 496 1422 καὶ
509 1353 754 1438 τεσσεράκοντα
776 1358 831 1422 καὶ
849 1360 1041 1442 τριηκοσίας
1055 1351 1118 1421 άν-

115 1454 265 1541 θρύπων
278 1451 396 1539 γενεάς
411 1455 604 1538 γενομένας,
622 1455 678 1522 καὶ
691 1456 729 1522 έν
741 1453 880 1542 ταύτησι
894 1449 1048 1540 ιἰρχιρέας
1061 1456 1118 1521 καὶ

115 1554 269 1638 βασιλέας
280 1552 456 1635 ἑκατέρους
466 1549 647 1629 τοσούτους
660 1553 870 1637 γενομένους.
901 1556 1008 1618 καίτοι
1021 1575 1114 1638 τριη·

115 1647 225 1716 κόσιαι
239 1646 301 1733 μέν
318 1643 453 1734 ἀνδρῶν
466 1650 579 1731 γενεαί
592 1650 749 1717 δυνέαται
764 1650 868 1738 μύρια
889 1654 980 1718 ἔτεα·
1002 1650 1115 1734 γενεαὶ

113 1743 177 1833 γάρ
192 1760 279 1832 τρεῖς
293 1744 429 1834 ἀνδρῶν
443 1743 563 1814 ἑκατόν
577 1747 652 1814 έτεά
667 1749 744 1815 έστι.
782 1753 859 1833 μιῆς
880 1746 916 1814 δὲ
930 1746 985 1813 καί
999 1762 1115 1811 τεσσε-

112 1845 258 1934 ράκοντα
278 1852 326 1916 ἔτι
348 1854 416 1916 τῶν
442 1849 624 1916 έπιλοίπων
649 1850 792 1934 γενεάν,
829 1855 866 1916 αἳ
887 1850 1014 1933 ἐπῆσαν
1038 1852 1113 1934 τῇσι

111 1953 328 2036 τριηκοσίῃσι,
354 1949 422 2016 ἐστὶ
433 1947 681 2034 τεσσεράκοντα
696 1953 751 2016 καλ
767 1947 939 2034 τριηκόσια
954 1947 1010 2014 καὶ
1024 1952 1113 2032 χίλια

110 2051 192 2114 έτεα.
233 2045 322 2115 οὕτω
343 2051 381 2116 έν
403 2056 555 2135 μυρίοισί
570 2075 605 2116 τε
628 2051 788 2117 ἕτεσικαὶ
802 2054 934 2133 χιλίοισι
951 2047 1006 2113 καί
1027 2043 1113 2129 πρὸς

111 2148 333 2228 τριηκοσίοισί
347 2168 383 2210 τε
403 2147 459 2212 καὶ
472 2145 715 2233 τεσσεράκοντα
730 2152 845 2231 έλεγου
865 2140 950 2211 θεὸν
969 2141 1111 2229 ἀνθρω-

108 2240 242 2307 ποειδέα
265 2237 388 2307 ούδένα
421 2239 595 2322 γενέσθαι·
640 2238 680 2312 ού
716 2241 778 2330 μέν
819 2237 901 2310 ούδδ
931 2239 1108 2328 πρότερον,

108 2332 188 2404 ούδὲ
204 2336 347 2421 ὕστερον
364 2340 402 2429 έν
416 2354 502 2409 τοῖσι
518 2339 729 2409 ὑπολοίποισι
743 2340 918 2425 Αἰγύπτου
935 2344 1109 2425 βασιλεῦσι

108 2438 318 2523 γενομένοισι
332 2443 448 2523 ἔλεγον
461 2444 593 2506 τοιοῦτο
608 2437 717 2507 οὐδέν.
761 2441 797 2506 έν
812 2444 929 2505 τοίνυν
939 2434 1048 2519 τούτῳ
1061 2441 1107 2525 τῷ

104 2533 215 2624 χρόνῳ
235 2534 386 2621 τετράκις
404 2541 521 2623 ἔλεγον
540 2537 574 2617 έξ
594 2534 708 2623 ἠθέων
726 2532 787 2604 τόν
806 2533 904 2623 ἥλιον
919 2531 1105 2601 άνατεῑλαι·

104 2638 190 2700 ἔνθα
202 2660 238 2701 τε
251 2642 319 2702 νῦν
331 2639 539 2726 καταδύεται,
562 2641 722 2726 ἐνθεῦτεν
736 2641 786 2717 δίς
800 2639 1028 2720 έιτανατεῑλαι,
1050 2636 1106 2702 καί

103 2735 205 2798 ἔνθεν
224 2739 291 2798 νῦν
304 2731 493 2821 ἀνατέλλει,
517 2739 665 2805 ένθαύτα
680 2738 729 2815 δὶς
743 2739 943 2804 καταδῦναι·
967 2733 1022 2798 καὶ
1042 2728 1104 2798 ού-

104 2827 162 2896 δέν
176 2834 244 2895 τῶν
260 2827 334 2896 κατ’
354 2838 528 2915 Αλγνπτου
542 2822 610 2898 ὑπό
624 2838 727 2898 ταῦτα
745 2835 1002 2918 ἑτεροιωθῆναι,
1024 2826 1103 2894 ούτε

101 2923 142 2995 τά
163 2929 200 2994 έκ
219 2933 277 3014 τῆς
297 2934 357 3015 γῆς
379 2925 457 2997 ούτε
475 2926 516 2996 τά
537 2931 573 2997 έν
593 2936 654 2996 τοῦ
677 2936 828 3016 ποταμοῦ
849 2949 909 3015 σφι
928 2925 1101 3013 γινόμενα,

101 3021 179 3091 ούτε
191 3022 232 3093 τά
250 3023 335 3113 άμφλ
349 3027 495 3106 νούσους
509 3025 586 3095 ούτε
601 3023 641 3094 τά
656 3025 739 3095 κατὰ
753 3025 831 3106 τούς
844 3025 1025 3102 θανάτους.

36 3138 85 3194 143
182 3123 355 3210 Πρότερον
370 3125 407 3192 δὲ
421 3123 580 3216 Ἑκαταίῳ
593 3133 639 3216 τῷ
655 3133 821 3217 λογοποιῷ
842 3127 879 3194 έν
893 3122 1023 3213 Θήβησι
1041 3149 1100 3208 γε·

99 3220 342 3307 νεηλογήσαντί
351 3245 387 3287 τε
402 3218 529 3288 ἑωυτόν
544 3225 599 3289 καὶ
614 3219 817 3310 άναδήσαντι
832 3219 893 3310 τὴν
908 3218 1052 3308 πατριὴν
1065 3223 1099 3299 ές

23 3353 25 3359 v
98 3317 333 3384 ἑκκαιδέκατον
351 3315 437 3386 θεὸν
459 3321 619 3406 ἐποίησαν
642 3326 676 3390 οί
693 3325 778 3409 ἱρέες
797 3327 859 3390 τοῦ
873 3317 956 3398 Διὸς
979 3315 1054 3388 οἷόν
1067 3344 1097 3387 τι

98 3412 152 3480 καὶ
167 3414 239 3497 ἐμοὶ
259 3409 301 3480 ού
320 3415 599 3504 γενεηλογήσαντι
614 3418 799 3504 ἐμεωυτόν·
829 3416 1048 3505 ἐσαγαγόντες
1064 3421 1096 3496 ές
