2354 3840
277 211 363 267 ΗΒ.
394 213 416 270 1.
451 211 550 269 οΑΡ.
587 218 752 274 lna-126.
1001 208 1043 271 69

42 369 150 433 λδακα
164 370 211 456 τῷ
223 364 387 456 βουκόλῳ.
420 367 464 435 σά
478 395 560 455 νον,
581 367 625 456 ἢν
638 369 747 457 βούλη
761 372 835 456 έμοδ
849 376 1042 458 πείθεσθαι,

42 470 96 551 τῆς
109 486 174 546 περ
194 464 371 551 Αοτοάγης
385 464 477 553 ἄρχει
492 467 618 555 χάρης,
639 468 761 555 ταύτης
777 467 909 556 ἀπάσης
922 469 1040 557 ἀρξεις.

42 565 173 649 Πέρσας
195 559 261 650 γάρ
286 561 469 643 ἀναπείσας
493 562 717 654 ἀπίστασθαι,
744 567 963 655 στρατηλάτεε
990 569 1044 636 ἐπὶ

42 661 192 750 Μήδους.
209 665 264 730 καὶ
273 660 317 751 ἤν
327 689 364 731 τε
375 661 441 750 έγά
456 661 522 732 ὑπὸ
531 661 931 753 Ἀστυάγεοςάποδεχθέω
943 686 1044 753 στρα-

42 758 140 848 τηγὸς
153 757 252 829 ἀντία
266 769 344 847 σεῦ,
367 768 435 830 ἔστι
449 787 501 831 τοι
515 761 556 829 τά
572 762 616 830 σε)
629 763 785 851 βούλεαι,
804 762 849 852 ἦν
862 771 979 832 τετῶν
995 790 1045 843 τις
1127 760 1131 765 ’

42 865 190 946 δοκίμων
210 857 310 938 ἀλλος
324 859 466 948 Μήδων.
501 867 629 948 πρῶτοι
643 859 708 947 γάρ
730 853 825 930 οὗτοι
840 860 1045 941 ἀποστάντες

42 952 97 1023 ἀπ’
120 957 254 1023 ’ἐκείνου
273 960 330 1025 καλ
349 957 527 1076 γενόμενοι
550 954 635 1042 πρὸς
654 962 711 1024 σέο
725 955 906 1044 Ἀστυάγεα
926 985 1043 1027 καται-

42 1055 131 1137 ρέειν
152 1054 377 1143 πειρήσονται.
420 1052 465 1134 ὡς
487 1048 537 1122 ἀν
552 1057 686 1139 ἑτοίμου
699 1061 761 1122 τοῦ
774 1082 813 1141 γε
827 1055 952 1124 ένθάδε
966 1054 1043 1124 έόν-
1069 1112 1074 1147 ·.

42 1173 93 1228 τος
108 1156 202 1217 ποίεε
214 1175 335 1237 ταντα
353 1153 410 1218 καὶ
423 1157 515 1218 ποίεε
530 1147 613 1218 κατά
629 1149 735 1236 τάχος.
1070 1152 1089 1195 *2'

119 1243 282 1326 Ἀκούσας
304 1254 409 1315 ταῦτα
431 1245 449 1315 ὁ
472 1254 587 1333 Κῦρος
607 1247 796 1333 ἐφρόντιζε,
822 1248 907 1341 ὅτεφ
929 1250 1042 1342 τρόπφ
1063 1242 1112 1317 12'5

42 1345 224 1436 σοφωτάτω
248 1347 380 1432 Πέρσας
404 1341 577 1413 ἀναπείσει
601 1340 823 1432 ἀπίστασθαι,
856 1354 1044 1433 φροντίζον

42 1449 75 1514 δὲ
100 1443 240 1532 εὕρισκέ
280 1467 316 1511 τε
349 1447 457 1510 ταῦτα
485 1469 682 1563 καιριωτατα
711 1439 812 1513 εἶναι
867 1449 976 1515 έποίεε
1001 1445 1042 1534 δη

42 1549 151 1611 ταῦτα.
177 1541 309 1629 γράφεις
322 1544 356 1620 ές
369 1548 502 1630 βιβλίον
514 1567 555 1608 τα
544 1540 727 1627 έβοάλετο
734 1592 744 1627 ,
760 1538 859 1630 ἀλιην
872 1570 942 1613 των
951 1552 1044 1632 Περ-

42 1645 126 1711 σέων
151 1638 344 1728 έπονησατο,
383 1636 464 1724 μετά
491 1642 528 1707 δέ
551 1635 743 1719 ἀναπτύξας
767 1638 804 1708 τὰ
830 1649 964 1730 βιβλίον
988 1648 1045 1713 καλ

42 1738 274 1828 ίπιλεγόμενος
297 1745 361 1826 ἔφη
380 1735 562 1823 ’Λστνάγεά
588 1765 647 1824 μιν
673 1740 860 1827 στρατηγὸν
883 1747 1044 1832 Περσέων

42 1837 291 1910 ἀποδεικνύναι.
331 1843 411 1905 Νῦν
423 1863 475 1921 τε,
498 1842 563 1922 ἔφη
578 1840 704 1923 λέγων,
727 1832 914 1927 άΠέρσαι,
935 1852 1057 1928 προα-,

42 1938 171 2027 γορεάω
193 1935 275 2023 ὑμῖν
289 1951 444 2023 παρεῖναι
464 1939 606 2004 ἕκαστον
621 1942 737 2024 ἔχοντα
752 1941 929 2025 δρέπανον.
970 1948 1044 2009 Κῦ-

42 2066 97 2124 ρος
118 2041 182 2125 μέν
201 2043 307 2104 ταῦτα
326 2034 566 2122 προηγόρευσε.
609 2040 678 2103 ἔστι
701 2037 739 2104 δὲ
752 2039 914 2123 Περσέων
936 2035 1044 2124 συχνά

42 2141 156 2223 γένεα,
177 2137 233 2204 καὶ
251 2130 293 2201 τά
313 2136 376 2221 μέν
396 2129 509 2200 αὐτῶν
529 2130 547 2200 ὁ
572 2139 687 2221 Κῦρος
708 2134 868 2204 συνάλισε
888 2139 944 2204 καί
963 2132 1045 2204 ἀνέ-

42 2254 133 2303 πεισε
152 2230 357 2300 ἀπίστασθαι
380 2228 446 2298 ἀπὸ
469 2231 620 2318 Μήδων·
658 2235 728 2299 ἔστι
752 2235 789 2300 δέ
812 2231 909 2319 τάδε,
930 2233 1047 2300 ἐκτῶν

42 2325 143 2402 ὧλλοι
163 2331 286 2409 πάντες
309 2327 463 2418 ἦρτέαται
478 2333 623 2416 Πέρσαι·
656 2329 896 2417 Πασαργάδαι,
917 2329 1045 2414 Μαρά-

42 2455 129 2517 φιοι,
154 2427 327 2498 Μάσπιοι·
365 2429 496 2497 τούτων
512 2428 733 2514 Πασαργάδαι
753 2431 816 2496 εἰσὶ
831 2426 978 2515 ἀριστοι,
1006 2431 1045 2495 έν

42 2541 125 2598 τοδσι
144 2529 202 2595 καὶ
216 2524 439 2613 Ἀχαιμενίδαι
460 2529 523 2594 είσὶ
538 2525 687 2612 φρήτρη,
716 2529 819 2592 ἔνθεν
844 2529 878 2592 οί
894 2527 1046 2611 βασιλέες

42 2631 72 2694 οἱ
93 2629 275 2712 Περσεῖδαι
298 2624 475 2712 γεγόνασι·
522 2623 618 2692 ἀλλοι
650 2625 687 2690 δέ
710 2624 839 2709 Πέρσαι
870 2625 933 2691 είσλ
957 2625 1045 2690 οἵδε·

42 2731 278 2809 Πανθιαλαῖοι,
292 2732 527 2811 Δηροοσιαῑοι,
543 2720 741 2808 Γερμάνιοι·
772 2715 865 2790 οὗτοι
879 2725 942 2809 μὲν
956 2720 1047 2790 πάν-

42 2849 92 2902 τες
106 2819 267 2909 ἀροτῆρές
281 2828 362 2909 είσι,
383 2828 418 2891 οί
430 2824 467 2892 δὲ
481 2821 577 2891 ἀλλοι
591 2822 751 2908 νομάδες,
766 2822 872 2906 Δάοι,
893 2821 1044 2906 Μάρδοι,

42 2923 223 3008 Δροπικοὶ,
238 2919 432 3007 Σαγάρτιοι.
464 2919 573 3000 Ὡς-δὲ
587 2926 743 3006 παρῆσαν
757 2917 902 2996 ἀπαντες
917 2923 1046 3004 ἔχοντες
1062 2920 1112 2976 1²6

42 3016 76 3088 τὰ
97 3024 360 3106 προειρημένον,
382 3023 531 3088 ένθαῦτα
552 3016 570 3086 ὁ
586 3024 700 3099 Κῦρος
722 3009 781 3104 (ἦν
796 3016 861 3102 γάρ
876 3041 926 3094 τις
939 3021 1046 3101 χῶρος

42 3126 97 3207 τῆς
112 3125 280 3205 Περσικῆς
294 3116 496 3205 ἀκανθώδης
510 3116 593 3186 ὅσον
606 3142 642 3184 τε
656 3118 709 3184 ε’πλ
724 3113 950 3183 ὀκτωκαίδεκα
965 3134 1046 3181 στοι-

42 3213 170 3307 δίουςη
183 3226 289 3286 είκοσι
313 3218 438 3305 πάντη)
461 3217 584 3287 τοῦτόν
608 3237 670 3302 σφι
694 3211 755 3281 τὸν
775 3221 887 3301 χῶρον
908 3224 1047 3295 προεῖπε

42 3323 245 3407 ἐξημερῶσαι
260 3314 328 3385 ἐν’
310 3320 427 3406 ημέρη.
473 3315 736 3385 ἐπιτελεσάντων
753 3311 789 3380 δέ
804 3319 872 3380 τοῖν
886 3313 1046 3398 Περσέων

42 3417 101 3488 τὸν
125 3423 347 3503 προκείμενον
372 3413 500 3483 ἀεθλον
526 3411 667 3495 δεύτερά
689 3433 749 3493 σφι
770 3423 910 3493 προεῖπε
931 3411 964 3486 ές
983 3406 1046 3490 τὴν
