2354 3840
331 215 416 271 LlB.
448 217 480 271 11.
514 217 611 272 GAP.
644 221 784 275 59—64.
999 208 1060 274 147

54 367 118 437 ούκ
132 368 323 457 Αἰγύπτιοι.
363 370 414 486 Ἐς
428 370 518 438 Σάιν
540 369 576 438 δέ
592 369 692 437 πόλιν
712 366 814 438 ἐπεάν
834 375 1059 458 συλλεχθέωσι
1073 384 1108 440 σε

51 473 115 552 της
141 468 310 555 θυσίης
292 492 329 535 εν
352 471 393 556 τῇ
416 466 514 533 νυκτὶ
538 465 645 552 λύχνα
672 474 804 535 καίουσι
817 468 938 548 πάντες
952 466 1059 537 πολλοὶ

53 561 223 649 ὑπαίθρια
237 559 363 650 περὶ
326 588 367 631 τα
382 562 517 649 ὃωματα
538 560 659 652 κύκλῳ.
688 588 728 629 τα
717 559 780 631 δὲ
800 563 905 664 λύχνα
919 566 986 632 ἐστὶ
1001 566 1060 649 ἐμ

54 661 163 748 βάφια
179 666 303 747 ἔμπλεα
318 658 398 739 ἁλὰς
412 663 467 729 καὶ
481 663 553 730 ἐλαί
538 668 593 729 ίου
601 628 783 747 ,ἐπιπολῆς
799 665 835 729 δέ
851 650 961 730 έπεστι
976 659 1057 730 αύτὸ

54 785 91 826 το
80 756 301 844 ἐλλύχνιον,
318 760 372 826 καλ
386 764 484 825 τοῦτο
498 710 623 825 καίετάι
637 756 839 845 παννύχιον,
855 763 962 828 καὶ
923 787 963 849 τη
978 757 1059 848 ὁρτῇ

57 855 187 952 οὕνομα
208 855 316 922 κέεται
337 860 527 940 λυχνοκαΐη.
551 850 678 921 οΐδ’”
656 881 700 921 αν
714 882 758 942 μη
748 853 899 925 ἔλθωσι
915 864 983 926 τῶν
997 863 1061 925 Αί-

55 958 207 1040 γυπτίων
229 954 261 1030 ές
285 978 346 1040 την
367 950 558 1038 πανήγυριν
580 948 721 1037 ταύτην,
744 952 972 1037 φυλάσσοντες
998 951 1060 1042 τὴν

58 1049 162 1117 νύκτα
178 1055 235 1135 τῆς
254 1056 376 1135 θυσίης
393 1055 524 1117 καίουσι
549 1049 603 1115 καὶ
627 1045 722 1117 αύτολ
744 1049 867 1130 πάντες
886 1077 926 1119 τα
942 1052 1058 1139 λύχνα,

58 1149 109 1213 και
124 1144 215 1212 ούτω
236 1143 297 1213 ούκ
315 1149 351 1215 ἐν
365 1146 434 1214 Σάι
446 1144 556 1232 μούνη
577 1151 721 1232 καίεται,
744 1144 827 1216 άλλά
843 1145 930 1216 καὶ’
911 1146 976 1216 ανά
993 1155 1059 1217 πά-

58 1263 119 1310 σαν
133 1251 318 1328 Αἴγυπτον.
349 1241 427 1311 ὅτευ
442 1243 478 1310 δέ
493 1245 621 1309 εἵνεκεν
635 1248 707 1327 φῷς
728 1248 821 1328 ἔλαχε
843 1247 897 1312 καὶ
917 1243 1016 1332 τιμὴν
1036 1241 1056 1330 ἡ

56 1339 115 1421 νύξ
139 1338 243 1428 αὕτη,
266 1346 334 1408 ἐστι
359 1338 431 1428 ίρὸς
450 1341 527 1426 περὶ
542 1336 646 1406 αύτοῦ
670 1339 768 1426 λόγος
787 1341 975 1430 λεγόμενος.
999 1340 1057 1420 ’Ἐς
1072 1366 1106 1421 63

56 1441 88 1507 δὲ
97 1436 219 1506 Ηλίου
230 1437 329 1506 πόλιν
344 1439 399 1507 καὶ
408 1443 563 1506 Βουτοῦν
577 1443 699 1515 θυσίας
713 1436 841 1524 μούνας
856 1442 1058 1508 ἐπιτελέουσι

54 1539 254 1622 φοιτέοντες.
278 1539 315 1604 ἐν
327 1538 363 1604 δὲ
373 1534 538 1655 Παπρήμι
546 1541 669 1613 θυσίας
682 1535 744 1622 μέν
758 1538 842 1605 καὶί
827 1534 883 1623 ίρά
909 1541 1056 1655 κατάπερ

51 1636 107 1702 καὶ
129 1640 172 1721 τῇ
193 1630 275 1722 άλλη
295 1640 444 1701 ποιεῦσι·
468 1629 538 1699 εύτ’
561 1627 605 1698 άυ
621 1634 657 1699 δὲ
677 1638 808 1718 γίνηται
830 1630 1056 1720 καταφερὴςὸ

49 1729 165 1817 ἥλιος,
187 1727 292 1815 ὀλίγοι
306 1731 369 1816 μέν
388 1755 476 1808 τινες
492 1753 559 1794 των
581 1731 680 1814 ἱρέων
694 1732 770 1815 περὶ
782 1727 937 1816 τῶγαλμα
952 1754 1058 1796 πεπο-

49 1837 186 1915 νέαται,
210 1833 243 1897 oc
273 1829 312 1898 δέ
335 1831 453 1899 πολλοὶ
481 1826 595 1896 αύτῷν
626 1826 737 1907 ξύλων
767 1830 913 1914 κορύνας
929 1836 1057 1916 ἔχοντες

48 1935 168 2000 ἑστᾶσι
182 1934 242 1994 τοῦ
259 1931 336 2013 ίρού
356 1929 393 1992 ἐν
413 1933 453 2015 τῇ
468 1925 589 2016 έσύθῷ·
617 1923 712 1993 ἄλλοι
732 1927 769 1993 δὲ
787 1925 932 2013 εὐχωλὰς
949 1931 1057 1995 ἐπιτε-

46 2034 203 2113 λέοντες,
225 2030 366 2104 πλεῦνες
379 2030 493 2112 χιλίων
508 2021 660 2114 ἀνδρῶν,
683 2027 815 2092 ἕκαστοι
831 2030 959 2111 ἔχοντες
975 2026 1056 2106 ξύλα

47 2128 107 2195 καὶ
124 2114 219 2192 οὗτοι
235 2125 287 2191 ἐπὶ
303 2121 343 2190 τὰ
366 2124 461 2211 ἔτερα
481 2120 575 2202 ἁλέες
596 2127 716 2191 ἑστᾶσι.
746 2117 783 2187 τὸ
803 2121 839 2188 δέ
854 2119 984 2210 άγαλμα
1000 2120 1057 2191 ἐόυ

49 2228 88 2294 ἐν
97 2229 171 2312 νηῷ
190 2226 296 2312 μικρῷ
321 2220 772 2312 ξυλίνῷκατακεχρυσωμένῷ
781 2227 1056 2310 προεκκομίζουσι

49 2329 90 2412 τῇ
109 2324 290 2406 προτεραίη
305 2320 337 2396 ἐς
352 2315 432 2386 άλλο
454 2326 575 2404 οίκημα
589 2316 675 2405 ίρύυ.
706 2322 740 2386 οί
752 2321 814 2402 μέν
834 2316 875 2405 δὴ
898 2317 1005 2405 ὀλίγοι
1026 2324 1059 2388 οί

49 2421 129 2504 περὶ
142 2415 298 2502 τῶγαλμα
315 2416 522 2502 λελειμμένοι
538 2418 672 2484 ἕλκουσι
687 2414 912 2501 τετράκυκλον
926 2415 1057 2502 ἅμαξαν

50 2515 206 2603 ἄγουσαν
226 2510 286 2580 τὸν
306 2512 391 2599 νηόν
411 2539 446 2580 τε
467 2517 521 2582 καὶ
544 2509 581 2580 τὸ
597 2515 634 2580 ἐν
654 2518 700 2603 τῷ
714 2519 784 2602 νηῷ
801 2511 897 2581 ἐνεὸν
914 2512 1055 2601 ἄγαλμα,

52 2617 87 2680 οί
100 2613 137 2679 δέ
155 2607 217 2678 ούκ
232 2612 309 2678 ἐῶσι
325 2613 363 2678 ἐν
382 2625 467 2679 τοίσι
490 2616 728 2695 προπυλαίοισι
748 2612 901 2691 ἑστεῶτες
922 2615 1055 2700 ἐσιέναι,

52 2716 86 2778 οί
102 2710 139 2777 δὲ
158 2706 369 2795 εὐχωλιμαῖοι
389 2710 607 2796 τιμωρέοντες
627 2713 674 2798 τῷ
688 2713 760 2798 θεῷ
780 2714 918 2776 παίουσι
935 2707 1058 2789 αύτούς

52 2805 281 2892 ἀλεξομένους.
300 2808 448 2874 ἐνθαῦτα
458 2806 545 2892 μάχη
558 2804 687 2886 ξύλοισι
698 2807 839 2894 καρτερή
852 2814 988 2894 γίνεται,
1001 2834 1058 2876 κε-

51 2904 163 2994 φαλάς
184 2928 219 2972 τε
244 2905 530 2991 συναράσσονται,
562 2908 616 2973 καὶ
641 2903 685 2984 ὡς
710 2902 774 2991 ἐγω
797 2911 917 2992 δοκέω,
940 2912 1057 2978 πολλοὶ

51 3005 107 3072 καί
128 2998 385 3088 ἀποθνήσκουσι
405 3006 441 3071 ἐκ
461 3010 529 3070 τῷν
550 3002 750 3089 τρωμάτων·
774 3001 815 3072 ού
835 3009 947 3091 μέντοι
963 3010 997 3073 οἵ
1017 3032 1055 3090 γε

51 3097 232 3185 Αίγύπτιον
246 3103 376 3184 ἔφασαν
390 3097 622 3188 ἀποθνήσκειν
636 3099 767 3170 ούδένα.
810 3100 880 3190 Τὴν
895 3105 931 3171 δέ
946 3104 1055 3193 πανη-
1069 3125 1104 3181 64

49 3226 153 3289 γυριυ
167 3199 292 3287 ταύτην
301 3203 343 3268 ἐκ
356 3204 455 3277 τοῦδε
468 3208 602 3287 νομίσαι
619 3204 699 3287 φασὶ
714 3206 748 3269 οί
759 3201 944 3290 ἐπιχώριοι,
967 3206 1055 3272 οίκέ-

50 3327 102 3369 ειν
127 3300 231 3390 ἐντῷ
253 3302 314 3390 ίρῷ
336 3298 442 3392 τούτῷ
462 3306 523 3367 τοῦ
537 3298 653 3387 ’Ἁρεος
672 3295 733 3387 τὴν
757 3303 897 3387 μητέρα,
919 3299 1054 3369 καὶτὸν

43 3396 143 3487 Ἀρεα
157 3393 360 3484 ἐύπότροφον
375 3398 558 3485 γενόμενον
574 3399 688 3466 ἐλθεῖν
709 3398 960 3525 ἐξανδρωμέγον
974 3399 1053 3465 ἐθέ-

853 3498 887 3548 10
