2354 3840
334 231 418 286 ΗΒ.
453 231 496 284 ΙΙΙ.
530 228 628 285 cn.
657 231 797 290 ίῚ-Βθ.
1005 225 1066 288 255

60 391 114 457 καλ
137 385 366 474 ἀποταμόντες
387 383 501 454 αύτων
514 382 573 464 τάς
593 381 743 472 κεφαλάς
756 381 836 465 τούς
856 386 917 472 μὲν
932 413 1066 475 τρωμα-

59 493 132 564 πίας
147 488 282 553 ἑωυτῶν
296 481 402 552 αύτού
417 491 568 552 λείπουσι
584 484 639 551 καὶ
656 479 840 570 ἀδυνασίης
860 489 989 553 εἵνεκεν
1009 490 1065 555 καλ

59 591 215 671 φυλακῆς
227 590 286 671 τῆς
297 581 517 670 ἀκροπόλιος,
529 588 562 651 οί
572 583 608 651 δὲ
622 585 721 651 πέντε
732 580 844 651 αὐτῶν
856 589 1064 670 ἐχοντεςπῶν

58 685 179 772 μάγων
193 681 252 762 τάς
265 680 414 769 κεφαλάς
426 688 527 751 ἔθεον
538 685 616 766 ἔξω,
628 688 692 771 βοῇ
705 706 742 749 τε
752 683 808 749 καὶ
818 683 955 776 πατάγφ
968 683 1066 771 χρεό-

59 808 176 871 μενοι,
193 784 248 850 καί
262 785 398 868 Πέρσας
412 777 492 860 τούς
506 777 630 859 ἀλλους
651 782 867 850 ἐπεκαλέοντο
889 783 1066 870 ἐξηγεόμε-

60 891 119 951 νοί
139 907 175 950 τε
199 877 237 948 τό
263 886 400 967 πρῆγμα
426 881 480 947 καὶ
502 879 715 958 δεικνύοντες
737 877 796 959 τάς
815 880 980 966 κεφαλάς.
1010 883 1066 949 καὶ

60 980 130 1068 ἅμα
148 987 298 1050 ἔκτεινον
312 980 422 1046 πάντα
437 975 512 1047 τινά
531 985 599 1045 τῶν
613 978 732 1065 μάγων
748 975 808 1047 τόυ
825 981 862 1046 ἐν
876 983 953 1048 ποσί
967 979 1064 1067 γινό-

59 1107 180 1165 μενον.
207 1083 242 1148 οί
263 1079 300 1147 δέ
319 1081 448 1163 Πέρσαι
475 1077 643 1163 μαθόντες
667 1075 706 1144 τό
727 1102 762 1143 τε
781 1074 921 1162 γεγονὸς
939 1078 975 1145 ἐκ
994 1084 1063 1144 τῶν

59 1175 141 1245 έπτά
158 1179 214 1245 καὶ
232 1181 300 1244 τῶν
319 1176 437 1263 μάγων
453 1172 515 1263 τὴν
536 1172 683 1259 ἀπάτην,
707 1175 877 1241 ἐδικαίουν
893 1178 947 1243 καί
970 1172 1065 1242 αύτοὶ

59 1277 156 1358 ἕτερα
186 1280 322 1343 τοιαῦτα
348 1276 492 1358 ποιέειν,
523 1271 730 1357 σπασάμενοι
759 1271 795 1339 δὲ
815 1272 854 1340 τά
886 1276 1064 1358 ἐγχειρίδια

59 1379 209 1442 ἔκτεινον
226 1369 310 1439 ὅκου
324 1369 399 1440 τινά
414 1372 523 1458 μάγον
538 1368 712 1459 εὕρισκον·
736 1374 767 1438 εί
782 1370 818 1438 δέ
832 1367 876 1456 μὴ
891 1367 952 1451 νύξ
967 1373 1064 1439 έπελ-

58 1478 171 1539 θούσα
186 1475 274 1556 έσχε,
296 1475 412 1538 ἔλιπον
423 1464 468 1536 ἀν
482 1464 606 1536 ούόένα
618 1467 736 1555 μάγον.
769 1468 896 1555 ταύτην
906 1465 968 1555 τὴν
982 1465 1064 1556 ἡμέ-

60 1595 125 1655 ρην
149 1568 379 1655 θεραπεύουσι
393 1571 521 1655 Πέρσαι
541 1573 639 1656 κοινῇ
660 1565 802 1652 μάλιστα
816 1573 884 1633 τῶν
900 1562 1063 1654 ἡμερέων,

59 1673 113 1737 καὶ
129 1671 167 1737 ἐν
184 1665 268 1756 αύτῇ
288 1664 391 1754 ὁρτὴν
407 1669 556 1755 μεγάλην
577 1665 761 1754 ἀνάγουσι,
777 1663 801 1753 ἢ
820 1669 974 1754 κέκληται
995 1664 1062 1734 ὑπό

62 1771 218 1852 Περσέων
228 1765 430 1854 μαγοφόνια,
444 1769 482 1834 ἐν
493 1773 533 1856 τῇ
543 1766 653 1852 μάγον
663 1762 786 1832 ούάένα
799 1768 901 1844 ἔξεστι
915 1772 1063 1852 φανῆναι

59 1867 93 1944 ἐς
104 1862 141 1932 τό
156 1870 238 1950 φάς,
250 1861 333 1933 ἀλλά
349 1861 421 1931 κατ’
435 1872 549 1942 οίκους
560 1859 705 1941 ἑωυτούς
718 1866 752 1930 οί
760 1861 862 1948 μάγοι
876 1867 987 1947 ἔχουσι
1002 1861 1063 1949 τὴν

62 1959 187 2049 ἡμέρην
200 1961 335 2048 ταύτην.

142 2057 265 2140 Ἐπείτε
288 2057 325 2125 δὲ
345 2063 483 2147 κατέστη
495 2058 512 2127 ὁ
525 2061 677 2148 θόρυβος
693 2065 747 2130 καί
762 2058 856 2140 ἐντὸς
870 2064 967 2129 πέντε
978 2059 1061 2148 ἡμε-
1071 2071 1106 2127 80

60 2159 149 2241 ρέων
164 2159 311 2244 ἐγένετο,
333 2159 554 2244 ἐβουλεύοντο
577 2164 610 2227 οί
625 2159 869 2239 ἐπαναστάντες
888 2174 974 2229 τοῖσι
995 2159 1061 2246 μά-

60 2258 307 2341 γοισιπερὶτοῖν
319 2257 524 2343 πρηγμάτων
538 2258 687 2347 πάντων,
702 2261 758 2326 καὶ
770 2255 954 2345 ἐλέχθησαν
964 2257 1060 2345 λόγοι

59 2352 265 2438 ἀπιστοιμὲν
276 2355 393 2422 ἐνίοισι
402 2352 581 2442 Ἑλλήνων,
594 2358 778 2442 ἐλέχθησαν
788 2353 820 2422 δ’
835 2348 891 2423 όν.
914 2354 1059 2441 Ὀτάνης

52 2450 116 2538 μὲν
143 2451 274 2520 ἐκέλευε
304 2452 338 2531 ές
366 2451 470 2539 μέσον
495 2452 648 2539 Πέρσησι
670 2461 866 2519 καταθεῖναι
889 2449 930 2517 τά
960 2449 1067 2536 πρήγ-

50 2577 157 2639 ματα,
183 2554 291 2639 λέγων
307 2549 403 2620 τάδε·
435 2548 527 2639 Ἐμοὶ
546 2552 670 2638 δοκέει,
695 2554 755 2620 ἕνα
772 2551 835 2639 μὲν
851 2548 965 2638 ἡμέων
982 2549 1070 2638 μού-

50 2679 178 2742 ναρχον
200 2653 316 2741 μηκέτι
338 2653 512 2740 γενέσθαι·
547 2649 625 2721 οὔτε
648 2651 714 2741 γάρ
737 2650 804 2740 ἡόύ
824 2650 904 2722 ούτε
927 2649 1068 2739 ἀγαθόν.

57 2759 161 2821 ελὸετε
181 2752 243 2836 μὲν
262 2751 329 2838 γάρ
345 2751 407 2839 τὴν
426 2754 616 2840 Καμβύσεω
636 2751 739 2841 ύβριν
757 2751 809 2821 ἐπ’
830 2751 912 2822 ὅσον
930 2757 1059 2840 ἐξῆλθε,

56 2849 275 2940 μετεσχήκατε
286 2852 321 2921 δὲ
334 2855 388 2923 καὶ
404 2861 462 2941 τῆς
476 2860 537 2922 τοῦ
551 2853 662 2941 μάγου
674 2852 800 2942 ὕβριος.
826 2861 893 2932 κῶς
904 2851 936 2920 δ’
949 2849 993 2919 ἀν
1009 2862 1058 2936 είη

54 2957 163 3036 χρῆμα
190 2958 439 3040 κατηρτσμένον
454 2959 661 3039 μουναρχίη,
689 2959 729 3041 τῇ
750 2956 854 3031 ἔξεστι
877 2947 1060 3038 ἀνευθύνῳ

55 3050 183 3115 ποιεέιν
204 3074 244 3115 τα
269 3050 442 3136 βούλεται;
470 3051 526 3118 καί
545 3048 611 3137 γάρ
633 3046 677 3118 ἀν
693 3047 753 3118 τόν
768 3048 906 3132 ἀρισιον
924 3044 1059 3130 ἀνδρῶν

55 3149 195 3214 πάντων
205 3147 329 3216 στάντα
341 3151 374 3228 ἐς
384 3148 510 3237 ταύτην
521 3146 583 3237 τὴν
598 3146 704 3236 ἀρχὴν
714 3146 808 3228 ἐκτὸς
821 3154 889 3215 τῶν
901 3147 1058 3215 ἐωθότων

55 3249 234 3336 νοημάτων
252 3252 390 3338 στήσειε.
409 3254 573 3339 ἐγγίνεται
588 3252 651 3338 μέν
668 3251 732 3338 γάρ
751 3255 785 3318 οί
799 3248 898 3338 ύβρις
912 3245 977 3316 ἀπὸ
995 3254 1060 3316 τῶν

53 3348 252 3429 παρεόντων
272 3347 430 3436 ἀγαθῶν,
453 3349 586 3437 φθόνος
603 3349 640 3417 δέ
657 3347 806 3436 ἀρχῆθεν
824 3347 986 3434 ἐμφύεται
1000 3343 1062 3412 ἀν-

55 3451 187 3532 θρώπω.
212 3448 276 3516 δύο
290 3447 322 3516 δ’
333 3455 420 3537 ἔχων
431 3455 537 3520 ταῦτα
550 3453 618 3539 ἔχει
628 3454 742 3518 πᾶσαν
755 3442 940 3530 κακότητα·
961 3438 1077 3518 &W

1095 3584 1120 3629 ἰ
