2354 3840
289 207 373 262 nl&
408 208 439 261 st
477 206 751 272 CAP.92*9a
963 208 1021 271 101

32 362 152 449 ῗρχεται
167 368 378 448 πίμπλασθαι
394 368 589 450 διηθέοντος
610 371 670 431 τοῦ
692 363 813 445 ὕόατος
827 370 864 435 ἰκ
884 377 944 436 τοῦ
958 392 1023 436 πο-

32 466 142 545 αμοῠ·
165 461 221 527 καί
242 457 361 528 αύτίκα
380 487 416 529 τε
435 464 518 528 πλέα
538 468 665 546 γίνεται
687 469 807 548 ταῦτα,
837 468 892 534 καὶ
912 491 1022 550 παρα-

32 565 126 644 ρῆμα
155 557 287 643 ἰχθύων
311 567 463 647 σμικρῶν
488 566 670 647 πίμπλαται
699 562 816 630 πάντα.
859 567 965 634 κόθεν
985 566 1021 633 δέ

32 653 108 733 ἰκός
142 651 266 732 αύτούς
298 662 470 742 γίνεσθαι,
503 657 569 742 ἔχω’
602 681 659 742 μοι
694 661 799 725 δοκέω
829 664 1022 729 κατανοέειν

32 758 134 818 οῦτο·
165 757 226 818 τοῦ
246 755 412 840 προτέρου
434 759 522 831 ἔτεος
548 751 651 821 έπεάν
675 752 821 844 ἀπολίπῃ
845 755 863 827 ὁ
890 767 1020 845 Νεῖλος,

32 852 46 916 ί
61 847 182 932 ἰχθύες
204 852 238 915 οἰ
257 850 448 928 ἐντεκόντες
463 847 511 940 ᾥά
533 853 565 928 ές
579 847 640 935 τὴν
654 849 732 918 ἰλύν
748 850 815 938 ἅμα
830 862 875 947 τῷ
897 857 1021 947 έσχάτῳ

32 944 117 1013 ’δατι
135 942 424 1014 ἀπαλλάσσουται·
447 945 549 1014 έπεάν
565 947 601 1014 δέ
615 951 853 1033 περιελθόντος
867 959 928 1019 τοῦ
941 955 1021 1039 χρό-

32 1072 80 1112 ου
95 1045 201 1112 πόλιν
216 1047 340 1132 ἐπέλθῃ
354 1042 390 1112 τὸ
403 1043 507 1132 ύόωρ,
531 1049 566 1114 έκ
577 1054 645 1115 τῶν
656 1045 732 1137 ράὤν
743 1050 873 1117 τούτων
888 1070 1021 1137 παραυ-

32 1153 89 1212 ίκα
106 1151 258 1230 γίνονται
272 1148 306 1211 οἰ
318 1144 441 1230 ἰχθύες.
487 1148 541 1214 καί
562 1149 637 1230 περί
658 1146 719 1231 μέν
739 1145 817 1225 τούς
837 1154 935 1234 ἰχθῦς
959 1149 1022 1218 ού-

32 1267 59 1308 ω
77 1246 152 1326 ἔχει.

98 1336 266 1423 Ἀλείφατι
287 1341 323 1408 δέ
343 1344 497 1428 χρέονται
520 1347 715 1426 Αἰγυπτίων
737 1348 769 1410 οἰ
786 1346 862 1428 περί
882 1344 920 1411 τά
944 1347 1019 1412 ἕλεα
1035 1377 1068 1432 94

32 1440 183 1515 ἰκέουτες
204 1435 269 1506 ἀπό
290 1447 359 1507 τῶν
378 1447 620 1527 σιλλικυπρίων
639 1448 702 1507 τοῦ
723 1449 870 1529 καρποῦ,
902 1441 937 1509 τό
959 1469 1019 1509 κα-

33 1545 113 1606 εῦσι
129 1539 191 1619 μέν
206 1538 383 1619 Αἰγύπτιοι
399 1548 477 1620 κίκι,
499 1547 630 1608 ποιεῦσι
646 1543 682 1608 ἀὲ
698 1534 776 1608 uiae·
793 1538 882 1622 παρά
897 1539 937 1608 τὰ
953 1547 1020 1624 χεί-

32 1670 72 1711 εα
91 1668 161 1708 των
186 1667 222 1708 τε
247 1665 407 1729 ποταμων
432 1643 488 1708 καί
515 1646 583 1709 τῶν
610 1642 753 1728 λιμνέων
779 1650 956 1731 σπείρουσι
982 1644 1021 1711 τά

33 1741 226 1826 ιλλικύπρια
253 1747 376 1826 ταῦτα,
402 1739 443 1808 τά
471 1744 508 1809 έν
532 1740 665 1828 Ἕλλησι
692 1739 860 1830 αὐτόματα
887 1742 1020 1829 φύεται·

32 1848 121 1908 αὕτα
142 1843 179 1907 έν
201 1849 241 1928 τῇ
262 1842 420 1933 Αἰγύπτῳ
444 1845 647 1929 σπειρόμενα
668 1842 798 1929 καρπὸν
817 1844 911 1928 φέρει
934 1848 1017 1907 πολ-

32 1937 77 2007 ὁυ
97 1941 176 2024 μὲν,
207 1939 359 2033 όυσόόρα
380 1944 431 2006 δέ·
458 1945 579 2006 τούτου
600 1936 702 2005 έπεάυ
723 1941 960 2022 συλλέξωνται,
988 1945 1020 2007 οἰ

32 2042 77 2105 ,έν
92 2037 256 2116 κόψαντες
273 2034 451 2121 ἀπιποῦσι,
475 2039 508 2104 οί
522 2036 558 2102 δὲ
571 2039 626 2103 καί
641 2037 826 2121 φρύξαντες
841 2032 1017 2121 ἀπέψουσι,

32 2137 70 2201 αὶ
85 2129 122 2199 τὸ
137 2129 306 2220 ἀπορρέον
322 2130 380 2200 ἀπ’
397 2131 502 2199 αὐτοῦ
517 2139 779 2218 συγκομίζονται.
810 2139 878 2203 έστι
893 2137 929 2201 δὲ
941 2147 1019 2200 πῖον

32 2233 69 2299 αἰ
84 2228 188 2298 οὐδέν
206 2233 305 2298 ἕσσον
322 2237 381 2298 τού
398 2234 511 2298 έλαίου
529 2238 573 2321 τῷ
589 2231 699 2321 λύχνῳ
714 2234 893 2318 προσηνές,
912 2227 1019 2316 ὀδμὴν

32 2330 50 2396 ’ἰ
71 2330 199 2416 βαρέαν
222 2337 404 2418 παρέχεται.
448 2328 540 2418 Πρός
563 2332 599 2398 δέ
620 2329 698 2409 τούς
719 2331 882 2410 κιόνωπας
904 2330 1019 2418 ἀφθό·
1036 2361 1070 2416 95

32 2452 98 2504 ὀυς
114 2424 228 2504 ἐόντας
243 2427 323 2494 τάόε
339 2435 402 2512 σφί
420 2431 488 2495 έστι
503 2431 768 2513 μεμηχανημένα.
806 2425 886 2505 τούς
903 2430 964 2513 μὲν
978 2425 1017 2493 τά
1076 2448 1079 2456 ·

32 2523 86 2592 ῗνω
106 2530 173 2590 τῶν
189 2526 290 2592 ἑλέων
306 2528 473 2603 οἰκέοντας
488 2530 522 2592 οἰ
534 2525 660 2610 πύργοι
675 2520 869 2607 ὠφελέουσι,
893 2525 926 2602 ές
941 2519 1020 2599 τούς

32 2626 257 2708 ὲυαβαίυουτες
282 2625 488 2708 κοιμέουται·
521 2626 555 2690 οἰ
579 2617 644 2706 χάρ
676 2621 834 2699 κώνωπες
858 2616 925 2687 ὑπό
952 2624 1019 2685 των
1130 2637 1136 2693 ζ

32 2721 151 2804 νέμων
172 2716 235 2786 οὐκ
257 2716 324 2787 οἷοί
338 2723 373 2786 τέ
389 2726 451 2787 εἰσι
466 2717 557 2799 ὑψοῦ
573 2720 741 2784 πέτεσθαι.
777 2730 863 2783 τοῖσι
888 2718 924 2783 (λε
944 2718 1020 2801 περὶ
1080 2786 1085 2795 ,

32 2814 53 2884 ἀ
76 2818 154 2883 ἕλεα
173 2819 320 2883 οἰκέουσι
341 2815 420 2883 τάἰε
443 2813 516 2882 ἀντὶ
530 2821 598 2898 τόν
619 2812 758 2898 πύργων
773 2809 858 2879 ἀλλα
872 2809 1018 2896 μεμηχά-

32 2939 128 3001 ἠταν
158 2920 221 2992 πᾶς
236 2910 322 3002 ἀνὴρ
337 2911 449 2981 αὐτῶν
464 2910 717 2999 ἀμφίβληστρον
729 2907 890 2992 κέκτηται,
901 2915 947 2995 τῷ
962 2913 1020 2992 τῆς

32 3016 75 3079 ,ὲν
97 3007 221 3097 ἡμέρης
248 3017 346 3097 ἰχθύς
372 3008 524 3098 ἀγρεύει,
552 3007 615 3096 τὴν
636 3007 672 3076 δέ
694 3008 798 3074 νύκτα
824 3006 903 3073 τόδε
928 3003 1018 3095 αύτῷ

32 3115 148 3196 ράται’
171 3109 207 3173 έν
222 3113 261 3195 τῇ
276 3104 483 3173 ἀναπαύεται
498 3111 602 3192 κοίτχ,
625 3105 700 3188 περὶ
716 3102 842 3186 ταύτην
856 3103 966 3186 ἵστησι
981 3099 1017 3169 τό
1045 3145 1056 3166 .

34 3210 285 3292 μφίβληστρον,
315 3206 370 3270 καὶ
393 3207 521 3270 ἔπειτεν
546 3199 645 3280 ἐνδύς
665 3197 724 3268 ὑπ’
744 3197 834 3289 αύτῷ
856 3198 1017 3268 κατεύδει.

31 3308 46 3372 ί
59 3305 97 3370 δὲ
114 3299 291 3386 κύνωπες,
319 3295 362 3386 ἢν
383 3301 446 3388 μέν
461 3304 498 3368 έν
511 3305 628 3390 ίματίῳ
645 3297 887 3386 ένειλιξύμενος
903 3290 1020 3387 εύόχῆ

98 3410 233 3464 κταοο.ῐ.
841 3414 872 3464 ll
