2354 3840
126 203 189 267 234
514 193 767 252 HERODOTI

129 359 235 431 οέδα’
216 361 379 444 ακοόσας,
392 355 483 435 ὅστις
497 358 530 435 ἐς
540 357 633 432 τέλος
648 348 691 420 οὖ
704 359 815 432 κακῶς
825 350 1019 437 ἐτελεύτησε
1028 343 1129 435 πρόρ·

128 468 232 551 ριζος,
255 451 472 578 εότυχέων
434 481 475 523 τα
489 453 608 522 πόντα.
640 448 685 519 οὐ
701 442 751 518 ών
765 455 832 517 νῦν
845 448 919 534 ἐμοὶ
931 446 1132 533 πειθόμενος

127 567 269 646 ποίησον
289 553 373 644 πρός
397 551 456 633 τὰς
481 549 634 636 εὐτυχίας
656 547 787 616 τοιάδε
819 550 1004 633 φροντίσας
1026 536 1116 611 va*
1094 566 1134 609 αν

25 644 29 651 ’
127 658 229 746 εόρης
243 655 301 723 ἐόν
316 677 367 721 τοι
381 658 539 720 πλείστου
553 646 666 732 ἀξιον,
688 648 744 714 καλ
758 641 811 712 ἐπ’
831 635 859 736 ᾧ
879 663 924 711 συ
911 639 1134 731 ἀπολομένην

127 758 270 845 μάλιστα
296 750 359 840 τὴν
389 746 501 837 ηνχήν
528 745 702 833 ἀλγήσεις,
734 749 834 811 τοῦτο
858 739 1009 829 ἀπόβαλε
1037 736 1135 825 οὕτω,

126 856 213 936 ὅκως
236 852 351 945 μηκέτι
371 848 443 938 ἥξει
474 850 507 928 ἐς
531 843 745 933 ἀνθρώπους.
786 840 830 930 ἦν
858 867 894 910 τε
923 838 970 928 μὴ
996 841 1135 921 ἐναλλὰξ

124 957 191 1079 ἤδη
208 951 299 1024 τώπδ
312 953 435 1022 τοότου
449 943 536 1018 οῖ’
499 974 600 1033 ευτυχ
602 951 649 1013 ίαι
660 950 738 1033 τῇσι
750 942 882 1032 πάδησι
895 946 1137 1030 προσπίπτωσι,

78 1073 109 1128 4]
128 1056 287 1146 τρόπω
255 1079 301 1122 τω
286 1056 349 1139 ἐξ
361 1056 441 1140 ἐμεῦ
454 1048 665 1136 υποκειμένφ
680 1043 772 1114 ἀκέο.
816 1049 929 1110 Ταῦτα
942 1044 1135 1125 ἐπιλεξάμε-

127 1180 187 1234 νος
201 1181 219 1223 ο
206 1123 471 1239 ’Πόλυκρότης,
494 1149 551 1215 καὶ
570 1145 641 1235 νόω
655 1138 811 1232 λαβών”
782 1168 828 1222 ως
840 1144 875 1209 οί
884 1166 924 1209 εν
912 1135 1135 1211 όποτίδοιτο

118 1252 274 1340 Ἄμασις,
296 1252 421 1336 ἐδίζητο
439 1243 492 1316 ἐπ’
516 1237 544 1312 ώ
561 1239 605 1311 ἀν
620 1243 763 1330 μάλιστα
782 1267 845 1329 την
861 1238 974 1364 ψυχὴν
993 1239 1135 1328 ἀσηθείη

128 1351 324 1441 ἀπολομένῳ
339 1355 408 1416 τών
427 1350 626 1432 κειμηλίων,
649 1344 822 1430 διζήμενος
837 1340 869 1409 δ
893 1340 1028 1430 εὕρισκε
1043 1341 1135 1410 τόδε·

127 1478 172 1538 ην
192 1475 210 1516 ο
212 1443 433 1535 [σφρηγὶς
397 1471 460 1533 την
481 1444 603 1531 ἐφόρεε
624 1444 840 1532 χρυσόδετος,
862 1442 1063 1530 σμαράγδου
1077 1439 1137 1528 μεν

127 1554 230 1617 λίθου
256 1548 377 1633 ἐοῦσα,
404 1550 505 1631 ἔργον
530 1536 613 1611 δε
590 1568 636 1630 ην
660 1542 841 1629 Θεοδώρου
866 1549 928 1611 τοῦ
955 1542 1137 1630 Τηλεκλέος

127 1649 271 1729 Σαμίου.
302 1635 437 1711 ἐπεεων
456 1642 584 1728 ταύτην
604 1646 639 1711 οί
658 1642 772 1711 ἐδόκεε
788 1638 990 1728 ἀποβαλεῖν,
1030 1642 1136 1708 ἐποίεε

127 1743 258 1812 τοιόδε
281 1743 549 1831 πεντηκόντερον
564 1742 744 1829 πληρώσας
758 1738 894 1826 ἀνδρῶν
908 1741 1006 1827 ἐσέβη
1027 1741 1061 1818 ἐς
1075 1732 1136 1805 αό-

128 1845 206 1929 tva,
230 1836 312 1927 μετά
336 1843 373 1910 δε
394 1839 576 1929 ἀναγαγεῖν
597 1843 728 1910 ἐκέλευε
748 1842 782 1920 ές
801 1840 839 1909 τό
854 1841 1014 1926 πέλαγος·
1042 1836 1088 1918 ώς
1101 1835 1136 1904 δε

128 1937 194 2007 όπδ
216 1945 274 2024 τῆς
294 1938 403 2026 νήσου
425 1938 502 2019 έκάς
516 1942 667 2027 Ιἐγένετο,
690 1939 925 2027 περιελόμενος
944 1934 1008 2026 τὴν
1027 1961 1137 2025 σφρη-

128 2045 205 2127 γῖδα
226 2039 364 2107 πόντων
385 2036 555 2128 ὁρεόντων
568 2047 637 2108 τών
652 2039 836 2126 συμπλόων
849 2041 957 2126 ῥίπτει
974 2040 1008 2116 ἐς
1022 2034 1061 2105 τό
1078 2038 1136 2104 πέ-

127 2150 237 2226 λαγος.
261 2146 360 2206 τοῦτο
376 2139 412 2207 δε
428 2141 569 2227 ποιήσας
585 2137 754 2227 ἀπέπλωε,
777 2137 980 2225 ἀπικόμενος
996 2141 1033 2205 δε
1048 2139 1082 2216 ἐς
1095 2132 1135 2204 τό

80 2253 114 2304 42
130 2244 217 2305 οίκία
238 2245 397 2327 συμφορῇ
418 2240 544 2324 ἐχρᾶτο.
588 2242 728 2326 Πέμπτη
748 2235 785 2304 δε
804 2231 826 2324 ἢ
847 2237 925 2326 ἕκτη
943 2232 1052 2323 ἡμέρη
1072 2229 1135 2301 ἀπὸ

129 2336 260 2403 τούτων
270 2334 351 2403 τόδε
365 2339 400 2402 οί
407 2336 586 2423 συνήνεικε
599 2340 777 2421 γενέσθαι·
801 2331 887 2422 ἀνὴρ
898 2330 1014 2414 ἀλιεδς
1023 2328 1138 2421 λαβών

129 2432 232 2520 ίχδόν
247 2437 354 2520 μέγαν
368 2460 404 2501 τε
425 2436 480 2503 καὶ
495 2432 602 2503 καλόν
615 2431 711 2519 ἠξίου
726 2457 786 2518 μιν
799 2430 1015 2518 Πολυκράτει
1026 2433 1138 2516 δώρου

129 2537 291 2617 δοθῆναι·
313 2535 427 2617 φέρων
443 2530 483 2619 δὴ
496 2535 549 2601 ἐπὶ
562 2528 621 2610 τοὶς
631 2530 744 2614 θύρας
753 2530 968 2618 Πολυκράτεϊ
980 2534 1045 2616 ἔφη
1060 2531 1138 2598 ἐθέ-

128 2637 200 2698 λειν
224 2630 339 2696 ἐλθεῖν
369 2631 402 2707 ές
426 2627 524 2716 ὄψιν,
549 2630 763 2716 χωρήσαντος
783 2631 824 2698 δέ
843 2633 878 2698 οί
897 2629 1021 2698 τοότον
1046 2633 1138 2712 ἐλεγε

129 2723 244 2803 διδοδς
266 2721 327 2792 τόν
354 2728 474 2811 ίχθόν·
512 2722 552 2796 Ὠ
567 2736 725 2817 βασιλεῦ,
754 2727 818 2814 ἐγώ
842 2727 942 2798 τόνδε
965 2724 1052 2798 ἑλών
1076 2724 1139 2794 οὐκ

128 2827 306 2893 ἐδικαίωσα
323 2826 440 2910 φέρειν
461 2828 494 2903 ἐς
514 2824 660 2915 ἀγορήν,
684 2836 804 2912 καίπερ
823 2854 862 2914 γε
877 2826 944 2897 ἐών
960 2825 1138 2914 ἀποχειρο-

128 2929 263 3011 βίωτος,
286 2919 372 2991 ἀλλά
387 2948 444 3009 μοι
459 2925 573 2993 ἐδόκεε
593 2933 654 2994 σεῦ
670 2951 706 2994 τε
722 2923 807 2994 εἶναι
829 2924 920 3006 ἀξιος
934 2927 990 2993 καὶ
1005 2931 1063 3011 τῆς
1079 2930 1138 3008 σῆς

127 3019 245 3105 ἀρχῆς·
268 3023 321 3087 σοε
342 3019 385 3107 δή
407 3048 466 3107 μιν
489 3026 604 3108 φέρων
629 3027 758 3109 δίδωμι
795 3021 893 3091 ‘0
856 3023 893 3090 δ
914 3018 1033 3108 ἡσθεὶς
1052 3032 1138 3087 τοῖσι
1167 3056 1170 3061 -

127 3124 220 3186 ἔπεσι
234 3115 404 3206 ἀμείβεται
414 3125 554 3187 τοιοίδε·
582 3121 694 3204 Κάρτα
707 3147 744 3188 τε
755 3147 794 3188 εν
781 3114 967 3206 ἐποίησας
977 3118 1034 3184 καε
1043 3116 1138 3204 χᾶθιί

127 3215 247 3300 διπλόη
258 3222 327 3282 τῶν
341 3242 377 3284 τε
388 3216 500 3303 λόγων
516 3221 572 3285 καὶ
585 3244 647 3285 τον
633 3219 793 3308 ”·δώρου
813 3223 874 3285 καί
881 3237 920 3285 σε
933 3217 987 3284 ἐπὶ
998 3219 1138 3283 δεῖπνον

125 3316 298 3399 καλέομεν.
334 3308 447 3432 Ὁμεν
463 3313 503 3400 δη
521 3312 636 3395 ἁλιεδς
652 3320 737 3403 μέγα
752 3316 953 3401 ποιεόμενος
966 3318 1073 3380 ταῦτα
1084 3307 1139 3398 ἤιε

126 3406 209 3487 ἐς
173 3435 213 3476 τα
231 3416 265 3478 οί
264 3417 336 3498 κία,
359 3409 419 3479 τόν
434 3410 471 3480 δε
491 3410 594 3499 ίχδύν
609 3414 792 3501 τάμνοντες
808 3419 844 3481 οί
854 3412 1064 3497 θεράποντες
1079 3405 1134 3477 εὖ·
