<?xml version="1.0" encoding="UTF-8"?>
<!DOCTYPE html PUBLIC "-//W3C//DTD XHTML 1.0 Transitional//EN"
    "http://www.w3.org/TR/xhtml1/DTD/xhtml1-transitional.dtd">
<html xmlns="http://www.w3.org/1999/xhtml" xml:lang="en" lang="en">
 <head>
  <title>
</title>
<meta http-equiv="Content-Type" content="text/html;charset=utf-8" />
  <meta name='ocr-system' content='tesseract 3.04.00' />
  <meta name='ocr-capabilities' content='ocr_page ocr_carea ocr_par ocr_line ocrx_word'/>
</head>
<body>
  <div class='ocr_page' id='page_1' title='image "./herodotihistori03herogoog_0385.png"; bbox 0 0 2354 3840; ppageno 0'>
   <div class='ocr_carea' id='block_1_1' title="bbox 131 159 758 251">
    <p class='ocr_par' dir='ltr' id='par_1_1' title="bbox 131 159 758 251">
     <span class='ocr_line' id='line_1_1' title="bbox 131 159 758 251; baseline 0.006 -5"><span class='ocrx_word' id='word_1_1' title='bbox 131 183 193 247; x_wconf 75' lang='lat'><strong><em>348</em></strong></span> <span class='ocrx_word' id='word_1_2' title='bbox 509 159 758 251; x_wconf 70' lang='grc' dir='ltr'><strong><em>ιιιιέοοοτι</em></strong></span> 
     </span>
    </p>
   </div>
   <div class='ocr_carea' id='block_1_2' title="bbox 44 341 1166 3468">
    <p class='ocr_par' dir='ltr' id='par_1_2' title="bbox 125 341 1166 1711">
     <span class='ocr_line' id='line_1_2' title="bbox 131 341 1120 434; baseline 0.002 -20"><span class='ocrx_word' id='word_1_3' title='bbox 131 352 200 414; x_wconf 84' lang='grc' dir='ltr'><strong><em>τῶν</em></strong></span> <span class='ocrx_word' id='word_1_4' title='bbox 220 342 460 433; x_wconf 74' lang='grc' dir='ltr'><strong><em>Ἀνδροφάγων</em></strong></span> <span class='ocrx_word' id='word_1_5' title='bbox 483 341 561 425; x_wconf 83' lang='grc' dir='ltr'><strong><em>τούς</em></strong></span> <span class='ocrx_word' id='word_1_6' title='bbox 583 344 730 433; x_wconf 79' lang='grc' dir='ltr'><strong><em>χοίρους,</em></strong></span> <span class='ocrx_word' id='word_1_7' title='bbox 758 353 995 434; x_wconf 70' lang='grc' dir='ltr'><strong><em>ταραχθέντων</em></strong></span> <span class='ocrx_word' id='word_1_8' title='bbox 1019 345 1055 416; x_wconf 69' lang='grc' dir='ltr'><strong><em>δὲ</em></strong></span> <span class='ocrx_word' id='word_1_9' title='bbox 1076 350 1120 416; x_wconf 82' lang='grc' dir='ltr'><strong><em>ινδ</em></strong></span> 
     </span>
     <span class='ocr_line' id='line_1_3' title="bbox 132 443 1156 535; baseline 0 -21"><span class='ocrx_word' id='word_1_10' title='bbox 132 447 260 516; x_wconf 87' lang='grc' dir='ltr'><strong><em>τούτων</em></strong></span> <span class='ocrx_word' id='word_1_11' title='bbox 276 443 407 532; x_wconf 79' lang='grc' dir='ltr'><em>ὑπῆγον</em></span> <span class='ocrx_word' id='word_1_12' title='bbox 424 449 476 516; x_wconf 76' lang='grc' dir='ltr'><strong><em>ἐπὶ</em></strong></span> <span class='ocrx_word' id='word_1_13' title='bbox 490 444 553 535; x_wconf 77' lang='grc' dir='ltr'><strong><em>τὴν</em></strong></span> <span class='ocrx_word' id='word_1_14' title='bbox 566 449 735 533; x_wconf 91' lang='grc' dir='ltr'><strong><em>Νευρίδα,</em></strong></span> <span class='ocrx_word' id='word_1_15' title='bbox 752 449 1014 534; x_wconf 77' lang='grc' dir='ltr'><strong><em>ταρασσομένων</em></strong></span> <span class='ocrx_word' id='word_1_16' title='bbox 1029 446 1064 514; x_wconf 69' lang='grc' dir='ltr'><strong><em>δὲ</em></strong></span> <span class='ocrx_word' id='word_1_17' title='bbox 1075 448 1121 514; x_wconf 84' lang='grc' dir='ltr'><strong><em>καλ</em></strong></span> <span class='ocrx_word' id='word_1_18' title='bbox 1153 450 1156 455; x_wconf 80' lang='grc'><strong>’</strong></span> 
     </span>
     <span class='ocr_line' id='line_1_4' title="bbox 132 540 1121 634; baseline -0.004 -20"><span class='ocrx_word' id='word_1_19' title='bbox 132 546 261 614; x_wconf 89' lang='grc' dir='ltr'><strong><em>τούτων</em></strong></span> <span class='ocrx_word' id='word_1_20' title='bbox 282 542 382 634; x_wconf 79' lang='grc' dir='ltr'><strong><em>ἤισαν</em></strong></span> <span class='ocrx_word' id='word_1_21' title='bbox 402 543 653 631; x_wconf 77' lang='grc' dir='ltr'><strong><em>ὑποφεύγοντες</em></strong></span> <span class='ocrx_word' id='word_1_22' title='bbox 678 549 711 612; x_wconf 90' lang='grc' dir='ltr'><strong><em>οί</em></strong></span> <span class='ocrx_word' id='word_1_23' title='bbox 727 542 865 615; x_wconf 92' lang='grc' dir='ltr'><strong><em>Σκύθαι</em></strong></span> <span class='ocrx_word' id='word_1_24' title='bbox 885 546 919 623; x_wconf 87' lang='grc' dir='ltr'><strong><em>ές</em></strong></span> <span class='ocrx_word' id='word_1_25' title='bbox 939 540 1020 622; x_wconf 82' lang='grc' dir='ltr'><strong><em>τούς</em></strong></span> <span class='ocrx_word' id='word_1_26' title='bbox 1037 540 1121 631; x_wconf 82' lang='grc' dir='ltr'><strong><em>’Λγα-</em></strong></span> 
     </span>
     <span class='ocr_line' id='line_1_5' title="bbox 130 641 1166 739; baseline -0.004 -25"><span class='ocrx_word' id='word_1_27' title='bbox 130 645 292 732; x_wconf 89' lang='grc' dir='ltr'><strong><em>θύρσους.</em></strong></span> <span class='ocrx_word' id='word_1_28' title='bbox 333 641 538 732; x_wconf 87' lang='grc' dir='ltr'><strong><em>Ἀγάθυρσοι</em></strong></span> <span class='ocrx_word' id='word_1_29' title='bbox 562 647 598 712; x_wconf 81' lang='grc' dir='ltr'><strong><em>δὲ</em></strong></span> <span class='ocrx_word' id='word_1_30' title='bbox 619 641 772 732; x_wconf 77' lang='grc' dir='ltr'><strong><em>ὁρέοντες</em></strong></span> <span class='ocrx_word' id='word_1_31' title='bbox 792 646 848 713; x_wconf 77' lang='grc' dir='ltr'><strong><em>καί</em></strong></span> <span class='ocrx_word' id='word_1_32' title='bbox 869 641 950 723; x_wconf 88' lang='grc' dir='ltr'><strong><em>τούς</em></strong></span> <span class='ocrx_word' id='word_1_33' title='bbox 964 641 1122 730; x_wconf 81' lang='grc' dir='ltr'><strong><em>ὁμούρους</em></strong></span> <span class='ocrx_word' id='word_1_34' title='bbox 1163 720 1166 739; x_wconf 44' lang='grc' dir='ltr'>Ι</span> 
     </span>
     <span class='ocr_line' id='line_1_6' title="bbox 132 739 1122 831; baseline -0.003 -18"><span class='ocrx_word' id='word_1_35' title='bbox 132 743 319 830; x_wconf 87' lang='grc' dir='ltr'><strong><em>φεύγοντας</em></strong></span> <span class='ocrx_word' id='word_1_36' title='bbox 343 739 408 812; x_wconf 79' lang='grc' dir='ltr'><strong><em>ὑπὸ</em></strong></span> <span class='ocrx_word' id='word_1_37' title='bbox 431 746 600 813; x_wconf 87' lang='grc' dir='ltr'><strong><em>Σκυθέων</em></strong></span> <span class='ocrx_word' id='word_1_38' title='bbox 624 745 679 812; x_wconf 77' lang='grc' dir='ltr'><strong><em>καί</em></strong></span> <span class='ocrx_word' id='word_1_39' title='bbox 700 744 981 830; x_wconf 82' lang='grc' dir='ltr'><strong><em>τεταραγμένους,</em></strong></span> <span class='ocrx_word' id='word_1_40' title='bbox 1010 740 1122 831; x_wconf 78' lang='grc' dir='ltr'><strong><em>πρλνῆ</em></strong></span> 
     </span>
     <span class='ocr_line' id='line_1_7' title="bbox 131 839 1166 931; baseline 0.001 -21"><span class='ocrx_word' id='word_1_41' title='bbox 131 863 192 927; x_wconf 89' lang='grc' dir='ltr'><strong><em>σφι</em></strong></span> <span class='ocrx_word' id='word_1_42' title='bbox 215 845 372 928; x_wconf 78' lang='grc' dir='ltr'><strong><em>ἐμβαλεῖν</em></strong></span> <span class='ocrx_word' id='word_1_43' title='bbox 393 839 473 922; x_wconf 85' lang='grc' dir='ltr'><strong><em>τούς</em></strong></span> <span class='ocrx_word' id='word_1_44' title='bbox 487 843 630 922; x_wconf 78' lang='grc' dir='ltr'><strong><em>Σκύθας</em></strong></span> <span class='ocrx_word' id='word_1_45' title='bbox 650 847 838 930; x_wconf 79' lang='grc' dir='ltr'><strong><em>πέμψαντες</em></strong></span> <span class='ocrx_word' id='word_1_46' title='bbox 854 843 987 931; x_wconf 85' lang='grc' dir='ltr'><strong><em>κη’ρνκα</em></strong></span> <span class='ocrx_word' id='word_1_47' title='bbox 1004 840 1124 930; x_wconf 85' lang='grc' dir='ltr'><strong><em>άπηγύ-</em></strong></span> <span class='ocrx_word' id='word_1_48' title='bbox 1164 882 1166 889; x_wconf 91' lang='grc'><strong><em>·</em></strong></span> 
     </span>
     <span class='ocr_line' id='line_1_8' title="bbox 130 937 1166 1028; baseline -0.001 -21"><span class='ocrx_word' id='word_1_49' title='bbox 130 965 233 1023; x_wconf 89' lang='grc' dir='ltr'><strong><em>ρευον</em></strong></span> <span class='ocrx_word' id='word_1_50' title='bbox 254 938 413 1028; x_wconf 78' lang='grc' dir='ltr'><strong><em>Σκύθῃσι</em></strong></span> <span class='ocrx_word' id='word_1_51' title='bbox 436 937 480 1026; x_wconf 78' lang='grc' dir='ltr'><strong><em>μη</em></strong></span> <span class='ocrx_word' id='word_1_52' title='bbox 507 942 693 1028; x_wconf 74' lang='grc' dir='ltr'><strong><em>ἐπιβαίνειν</em></strong></span> <span class='ocrx_word' id='word_1_53' title='bbox 718 947 786 1008; x_wconf 78' lang='grc' dir='ltr'><strong><em>τῶν</em></strong></span> <span class='ocrx_word' id='word_1_54' title='bbox 811 939 983 1026; x_wconf 84' lang='grc' dir='ltr'><strong><em>σφετέρων</em></strong></span> <span class='ocrx_word' id='word_1_55' title='bbox 1008 937 1124 1028; x_wconf 85' lang='grc' dir='ltr'><strong><em>σύρων,</em></strong></span> <span class='ocrx_word' id='word_1_56' title='bbox 1164 964 1166 971; x_wconf 94' lang='grc'><strong><em>·</em></strong></span> 
     </span>
     <span class='ocr_line' id='line_1_9' title="bbox 130 1032 1125 1125; baseline 0.001 -22"><span class='ocrx_word' id='word_1_57' title='bbox 130 1037 359 1123; x_wconf 82' lang='grc' dir='ltr'><strong><em>προλέγοντες,</em></strong></span> <span class='ocrx_word' id='word_1_58' title='bbox 371 1032 416 1116; x_wconf 77' lang='grc' dir='ltr'><strong><em>ὡς</em></strong></span> <span class='ocrx_word' id='word_1_59' title='bbox 428 1043 458 1106; x_wconf 89' lang='grc' dir='ltr'><strong><em>εί</em></strong></span> <span class='ocrx_word' id='word_1_60' title='bbox 467 1036 683 1125; x_wconf 84' lang='grc' dir='ltr'><strong><em>πειρήσονται</em></strong></span> <span class='ocrx_word' id='word_1_61' title='bbox 692 1037 899 1125; x_wconf 76' lang='grc' dir='ltr'><strong><em>ἐσβαλόντες,</em></strong></span> <span class='ocrx_word' id='word_1_62' title='bbox 910 1043 1008 1124; x_wconf 88' lang='grc' dir='ltr'><strong><em>σφίσι</em></strong></span> <span class='ocrx_word' id='word_1_63' title='bbox 1018 1043 1125 1123; x_wconf 79' lang='grc' dir='ltr'><strong><em>πρῶτα</em></strong></span> 
     </span>
     <span class='ocr_line' id='line_1_10' title="bbox 131 1132 1124 1224; baseline 0 -20"><span class='ocrx_word' id='word_1_64' title='bbox 131 1140 392 1222; x_wconf 85' lang='grc' dir='ltr'><strong><em>διαμαχέσονται.</em></strong></span> <span class='ocrx_word' id='word_1_65' title='bbox 418 1132 1035 1224; x_wconf 70' lang='grc' dir='ltr'><strong><em>Ἄγάθυρσοιμδνπροείπαντεςταῦτα</em></strong></span> <span class='ocrx_word' id='word_1_66' title='bbox 1049 1134 1124 1222; x_wconf 81' lang='grc' dir='ltr'><strong><em>ἐβύ-</em></strong></span> 
     </span>
     <span class='ocr_line' id='line_1_11' title="bbox 129 1227 1124 1324; baseline -0.004 -24"><span class='ocrx_word' id='word_1_67' title='bbox 129 1244 214 1301; x_wconf 88' lang='grc' dir='ltr'><strong><em>θεον</em></strong></span> <span class='ocrx_word' id='word_1_68' title='bbox 225 1236 278 1303; x_wconf 82' lang='grc' dir='ltr'><strong><em>ἐπὶ</em></strong></span> <span class='ocrx_word' id='word_1_69' title='bbox 288 1231 367 1312; x_wconf 84' lang='grc' dir='ltr'><strong><em>τούς</em></strong></span> <span class='ocrx_word' id='word_1_70' title='bbox 378 1231 657 1318; x_wconf 84' lang='grc' dir='ltr'><strong><em>ούρους,ἐρύκείν</em></strong></span> <span class='ocrx_word' id='word_1_71' title='bbox 665 1233 702 1300; x_wconf 84' lang='grc' dir='ltr'><strong><em>έν</em></strong></span> <span class='ocrx_word' id='word_1_72' title='bbox 713 1230 780 1324; x_wconf 84' lang='grc' dir='ltr'><strong><em>νύφ</em></strong></span> <span class='ocrx_word' id='word_1_73' title='bbox 788 1237 917 1319; x_wconf 77' lang='grc' dir='ltr'><strong><em>ἔχοντες</em></strong></span> <span class='ocrx_word' id='word_1_74' title='bbox 927 1227 1007 1309; x_wconf 86' lang='grc' dir='ltr'><strong><em>τούς</em></strong></span> <span class='ocrx_word' id='word_1_75' title='bbox 1018 1228 1124 1298; x_wconf 84' lang='grc' dir='ltr'><strong><em>ἐπιόν-</em></strong></span> 
     </span>
     <span class='ocr_line' id='line_1_12' title="bbox 125 1327 1126 1419; baseline -0.004 -19"><span class='ocrx_word' id='word_1_76' title='bbox 125 1332 196 1416; x_wconf 87' lang='grc' dir='ltr'><strong><em>τας,</em></strong></span> <span class='ocrx_word' id='word_1_77' title='bbox 215 1333 465 1419; x_wconf 73' lang='grc' dir='ltr'><strong><em>Μελάγχλαινοι</em></strong></span> <span class='ocrx_word' id='word_1_78' title='bbox 476 1332 512 1399; x_wconf 74' lang='grc' dir='ltr'><strong><em>δὲ</em></strong></span> <span class='ocrx_word' id='word_1_79' title='bbox 523 1331 579 1399; x_wconf 80' lang='grc' dir='ltr'><strong><em>καλ</em></strong></span> <span class='ocrx_word' id='word_1_80' title='bbox 592 1327 814 1417; x_wconf 76' lang='grc' dir='ltr'><strong><em>Ἀνδροφάγοι</em></strong></span> <span class='ocrx_word' id='word_1_81' title='bbox 827 1330 881 1397; x_wconf 78' lang='grc' dir='ltr'><strong><em>καὶ</em></strong></span> <span class='ocrx_word' id='word_1_82' title='bbox 892 1329 1021 1414; x_wconf 77' lang='grc' dir='ltr'><strong><em>Νευροὶ</em></strong></span> <span class='ocrx_word' id='word_1_83' title='bbox 1032 1329 1126 1415; x_wconf 77' lang='grc' dir='ltr'><strong><em>ἐσβα-</em></strong></span> 
     </span>
     <span class='ocr_line' id='line_1_13' title="bbox 128 1421 1125 1515; baseline -0.006 -17"><span class='ocrx_word' id='word_1_84' title='bbox 128 1428 260 1498; x_wconf 86' lang='grc' dir='ltr'><strong><em>λόντων</em></strong></span> <span class='ocrx_word' id='word_1_85' title='bbox 283 1436 352 1497; x_wconf 79' lang='grc' dir='ltr'><strong><em>τῶν</em></strong></span> <span class='ocrx_word' id='word_1_86' title='bbox 372 1429 531 1514; x_wconf 86' lang='grc' dir='ltr'><strong><em>Περσέων</em></strong></span> <span class='ocrx_word' id='word_1_87' title='bbox 550 1426 619 1513; x_wconf 84' lang='grc' dir='ltr'><strong><em>άμα</em></strong></span> <span class='ocrx_word' id='word_1_88' title='bbox 636 1427 795 1515; x_wconf 87' lang='grc' dir='ltr'><strong><em>Σκύθησι</em></strong></span> <span class='ocrx_word' id='word_1_89' title='bbox 815 1425 893 1494; x_wconf 81' lang='grc' dir='ltr'><strong><em>οὔτε</em></strong></span> <span class='ocrx_word' id='word_1_90' title='bbox 916 1422 1001 1509; x_wconf 77' lang='grc' dir='ltr'><strong><em>πρὸς</em></strong></span> <span class='ocrx_word' id='word_1_91' title='bbox 1024 1421 1125 1512; x_wconf 78' lang='grc' dir='ltr'><strong><em>άλκὴν</em></strong></span> 
     </span>
     <span class='ocr_line' id='line_1_14' title="bbox 129 1522 1124 1614; baseline -0.004 -20"><span class='ocrx_word' id='word_1_92' title='bbox 129 1525 328 1614; x_wconf 83' lang='grc' dir='ltr'><strong><em>ἐτράποντο,</em></strong></span> <span class='ocrx_word' id='word_1_93' title='bbox 351 1524 594 1611; x_wconf 78' lang='grc' dir='ltr'><strong><em>ἐπιλαθόμενοί</em></strong></span> <span class='ocrx_word' id='word_1_94' title='bbox 613 1551 648 1592; x_wconf 89' lang='grc' dir='ltr'><strong><em>τε</em></strong></span> <span class='ocrx_word' id='word_1_95' title='bbox 671 1533 729 1612; x_wconf 82' lang='grc' dir='ltr'><strong><em>τῆς</em></strong></span> <span class='ocrx_word' id='word_1_96' title='bbox 745 1522 881 1610; x_wconf 83' lang='grc' dir='ltr'><strong><em>άπειλῆς</em></strong></span> <span class='ocrx_word' id='word_1_97' title='bbox 898 1529 1047 1610; x_wconf 80' lang='grc' dir='ltr'><strong><em>ἔφευγον</em></strong></span> <span class='ocrx_word' id='word_1_98' title='bbox 1068 1524 1124 1591; x_wconf 68' lang='lat' dir='ltr'><strong><em>acsi</em></strong></span> 
     </span>
     <span class='ocr_line' id='line_1_15' title="bbox 127 1620 1124 1711; baseline -0.002 -21"><span class='ocrx_word' id='word_1_99' title='bbox 127 1620 164 1691; x_wconf 88' lang='grc' dir='ltr'><strong><em>τδ</em></strong></span> <span class='ocrx_word' id='word_1_100' title='bbox 180 1620 265 1709; x_wconf 76' lang='grc' dir='ltr'><strong><em>πρὸς</em></strong></span> <span class='ocrx_word' id='word_1_101' title='bbox 278 1626 388 1711; x_wconf 78' lang='grc' dir='ltr'><strong><em>βορέω</em></strong></span> <span class='ocrx_word' id='word_1_102' title='bbox 419 1625 452 1702; x_wconf 88' lang='grc' dir='ltr'><strong><em>ἐς</em></strong></span> <span class='ocrx_word' id='word_1_103' title='bbox 462 1620 525 1709; x_wconf 78' lang='grc' dir='ltr'><strong><em>την</em></strong></span> <span class='ocrx_word' id='word_1_104' title='bbox 536 1625 660 1709; x_wconf 82' lang='grc' dir='ltr'><strong><em>ἐρῆμον</em></strong></span> <span class='ocrx_word' id='word_1_105' title='bbox 670 1624 915 1708; x_wconf 87' lang='grc' dir='ltr'><strong><em>τεταραγμένοι.</em></strong></span> <span class='ocrx_word' id='word_1_106' title='bbox 940 1626 975 1690; x_wconf 86' lang='grc' dir='ltr'><strong><em>οί</em></strong></span> <span class='ocrx_word' id='word_1_107' title='bbox 988 1623 1024 1690; x_wconf 73' lang='grc' dir='ltr'><strong><em>δὲ</em></strong></span> <span class='ocrx_word' id='word_1_108' title='bbox 1037 1620 1124 1690; x_wconf 86' lang='grc' dir='ltr'><strong><em>Σκύ-</em></strong></span> 
     </span>
    </p>

    <p class='ocr_par' dir='ltr' id='par_1_3' title="bbox 44 1712 1125 1905">
     <span class='ocr_line' id='line_1_16' title="bbox 44 1712 1125 1806; baseline -0.001 -17"><span class='ocrx_word' id='word_1_109' title='bbox 44 1712 50 1720; x_wconf 57' lang='grc'><strong><em>’</em></strong></span> <span class='ocrx_word' id='word_1_110' title='bbox 126 1730 188 1789; x_wconf 86' lang='grc' dir='ltr'><strong><em>θαι</em></strong></span> <span class='ocrx_word' id='word_1_111' title='bbox 209 1722 242 1799; x_wconf 85' lang='grc' dir='ltr'><strong><em>ἐς</em></strong></span> <span class='ocrx_word' id='word_1_112' title='bbox 258 1720 320 1806; x_wconf 74' lang='grc' dir='ltr'><strong><em>μὲν</em></strong></span> <span class='ocrx_word' id='word_1_113' title='bbox 339 1718 419 1799; x_wconf 87' lang='grc' dir='ltr'><strong><em>τούς</em></strong></span> <span class='ocrx_word' id='word_1_114' title='bbox 439 1716 671 1806; x_wconf 79' lang='grc' dir='ltr'><strong><em>Ἀγαθύρσους</em></strong></span> <span class='ocrx_word' id='word_1_115' title='bbox 692 1717 804 1788; x_wconf 78' lang='grc' dir='ltr'><strong><em>ούκέτι</em></strong></span> <span class='ocrx_word' id='word_1_116' title='bbox 826 1716 1032 1799; x_wconf 87' lang='grc' dir='ltr'><strong><em>άπείπαντας</em></strong></span> <span class='ocrx_word' id='word_1_117' title='bbox 1052 1717 1125 1788; x_wconf 87' lang='grc' dir='ltr'><strong><em>άπι-</em></strong></span> 
     </span>
     <span class='ocr_line' id='line_1_17' title="bbox 127 1815 1124 1905; baseline -0.004 -19"><span class='ocrx_word' id='word_1_118' title='bbox 127 1819 282 1903; x_wconf 84' lang='grc' dir='ltr'><strong><em>κυέοντο,</em></strong></span> <span class='ocrx_word' id='word_1_119' title='bbox 305 1821 339 1886; x_wconf 86' lang='grc' dir='ltr'><strong><em>οί</em></strong></span> <span class='ocrx_word' id='word_1_120' title='bbox 350 1816 387 1886; x_wconf 77' lang='grc' dir='ltr'><strong><em>δέ</em></strong></span> <span class='ocrx_word' id='word_1_121' title='bbox 402 1819 438 1886; x_wconf 86' lang='grc' dir='ltr'><strong><em>ἐκ</em></strong></span> <span class='ocrx_word' id='word_1_122' title='bbox 459 1824 516 1905; x_wconf 76' lang='grc' dir='ltr'><strong><em>τῆς</em></strong></span> <span class='ocrx_word' id='word_1_123' title='bbox 530 1821 696 1903; x_wconf 80' lang='grc' dir='ltr'><strong><em>Νευρίδος</em></strong></span> <span class='ocrx_word' id='word_1_124' title='bbox 709 1817 819 1904; x_wconf 81' lang='grc' dir='ltr'><strong><em>χάρης</em></strong></span> <span class='ocrx_word' id='word_1_125' title='bbox 841 1819 874 1896; x_wconf 84' lang='grc' dir='ltr'><strong><em>ἐς</em></strong></span> <span class='ocrx_word' id='word_1_126' title='bbox 886 1815 948 1904; x_wconf 82' lang='grc' dir='ltr'><strong><em>τὴν</em></strong></span> <span class='ocrx_word' id='word_1_127' title='bbox 964 1819 1124 1904; x_wconf 78' lang='grc' dir='ltr'><strong><em>σφετέρην</em></strong></span> 
     </span>
    </p>

    <p class='ocr_par' dir='ltr' id='par_1_4' title="bbox 62 1911 1122 2690">
     <span class='ocr_line' id='line_1_18' title="bbox 62 1911 1122 2003; baseline 0 -24"><span class='ocrx_word' id='word_1_128' title='bbox 62 1923 110 1979; x_wconf 76' lang='lat'><strong><em>126</em></strong></span> <span class='ocrx_word' id='word_1_129' title='bbox 127 1915 326 2000; x_wconf 76' lang='grc' dir='ltr'><strong><em>κατηγέοντο</em></strong></span> <span class='ocrx_word' id='word_1_130' title='bbox 342 1928 426 1983; x_wconf 79' lang='grc' dir='ltr'><strong><em>τοῖσι</em></strong></span> <span class='ocrx_word' id='word_1_131' title='bbox 437 1917 594 2003; x_wconf 82' lang='grc' dir='ltr'><strong><em>Πέρσησι.</em></strong></span> <span class='ocrx_word' id='word_1_132' title='bbox 626 1911 686 1994; x_wconf 79' lang='grc' dir='ltr'><strong><em>Ὡς</em></strong></span> <span class='ocrx_word' id='word_1_133' title='bbox 697 1913 733 1982; x_wconf 66' lang='grc' dir='ltr'><strong><em>δὲ</em></strong></span> <span class='ocrx_word' id='word_1_134' title='bbox 745 1911 873 1982; x_wconf 86' lang='grc' dir='ltr'><strong><em>πολλδν</em></strong></span> <span class='ocrx_word' id='word_1_135' title='bbox 887 1923 988 1984; x_wconf 83' lang='grc' dir='ltr'><strong><em>τοῦτο</em></strong></span> <span class='ocrx_word' id='word_1_136' title='bbox 1001 1917 1122 2002; x_wconf 84' lang='grc' dir='ltr'><strong><em>ἐγίνετο</em></strong></span> 
     </span>
     <span class='ocr_line' id='line_1_19' title="bbox 126 2007 1122 2100; baseline 0.001 -21"><span class='ocrx_word' id='word_1_137' title='bbox 126 2014 180 2079; x_wconf 82' lang='grc' dir='ltr'><strong><em>καί</em></strong></span> <span class='ocrx_word' id='word_1_138' title='bbox 195 2007 258 2078; x_wconf 87' lang='grc' dir='ltr'><strong><em>ούκ</em></strong></span> <span class='ocrx_word' id='word_1_139' title='bbox 275 2009 433 2097; x_wconf 80' lang='grc' dir='ltr'><strong><em>ἐπαύετο,</em></strong></span> <span class='ocrx_word' id='word_1_140' title='bbox 449 2015 579 2099; x_wconf 78' lang='grc' dir='ltr'><strong><em>πέμψας</em></strong></span> <span class='ocrx_word' id='word_1_141' title='bbox 590 2022 734 2100; x_wconf 78' lang='grc' dir='ltr'><strong><em>Δαρεῖος</em></strong></span> <span class='ocrx_word' id='word_1_142' title='bbox 748 2013 849 2080; x_wconf 86' lang='grc' dir='ltr'><strong><em>ίππέα</em></strong></span> <span class='ocrx_word' id='word_1_143' title='bbox 860 2010 951 2099; x_wconf 78' lang='grc' dir='ltr'><strong><em>παρὰ</em></strong></span> <span class='ocrx_word' id='word_1_144' title='bbox 963 2011 1025 2081; x_wconf 89' lang='grc' dir='ltr'><strong><em>τδν</em></strong></span> <span class='ocrx_word' id='word_1_145' title='bbox 1035 2022 1122 2081; x_wconf 84' lang='grc' dir='ltr'><strong><em>Σκο-</em></strong></span> 
     </span>
     <span class='ocr_line' id='line_1_20' title="bbox 126 2106 1122 2196; baseline 0.001 -20"><span class='ocrx_word' id='word_1_146' title='bbox 126 2112 217 2176; x_wconf 89' lang='grc' dir='ltr'><strong><em>θέωυ</em></strong></span> <span class='ocrx_word' id='word_1_147' title='bbox 238 2110 375 2194; x_wconf 83' lang='grc' dir='ltr'><strong><em>βασιλέα</em></strong></span> <span class='ocrx_word' id='word_1_148' title='bbox 396 2106 618 2195; x_wconf 82' lang='grc' dir='ltr'><strong><em>Ἰδάνθυρσον</em></strong></span> <span class='ocrx_word' id='word_1_149' title='bbox 639 2115 730 2194; x_wconf 81' lang='grc' dir='ltr'><strong><em>ἔλεγε</em></strong></span> <span class='ocrx_word' id='word_1_150' title='bbox 751 2107 845 2177; x_wconf 91' lang='grc' dir='ltr'><strong><em>τάδε·</em></strong></span> <span class='ocrx_word' id='word_1_151' title='bbox 878 2110 1048 2196; x_wconf 87' lang='grc' dir='ltr'><strong><em>Δαιμόυιε</em></strong></span> <span class='ocrx_word' id='word_1_152' title='bbox 1068 2107 1122 2178; x_wconf 88' lang='grc' dir='ltr'><strong><em>άν-</em></strong></span> 
     </span>
     <span class='ocr_line' id='line_1_21' title="bbox 125 2204 1120 2293; baseline 0.002 -21"><span class='ocrx_word' id='word_1_153' title='bbox 125 2209 233 2291; x_wconf 80' lang='grc' dir='ltr'><strong><em>δρῶν,</em></strong></span> <span class='ocrx_word' id='word_1_154' title='bbox 251 2209 285 2272; x_wconf 94' lang='grc' dir='ltr'><strong><em>τί</em></strong></span> <span class='ocrx_word' id='word_1_155' title='bbox 297 2205 433 2290; x_wconf 89' lang='grc' dir='ltr'><strong><em>φεύγεις</em></strong></span> <span class='ocrx_word' id='word_1_156' title='bbox 448 2209 528 2290; x_wconf 81' lang='grc' dir='ltr'><strong><em>αίεὶ,</em></strong></span> <span class='ocrx_word' id='word_1_157' title='bbox 542 2205 632 2286; x_wconf 81' lang='grc' dir='ltr'><strong><em>ἐξέον</em></strong></span> <span class='ocrx_word' id='word_1_158' title='bbox 638 2230 689 2272; x_wconf 89' lang='grc' dir='ltr'><strong><em>τοι</em></strong></span> <span class='ocrx_word' id='word_1_159' title='bbox 697 2209 803 2272; x_wconf 76' lang='grc' dir='ltr'><strong><em>τῶνδε</em></strong></span> <span class='ocrx_word' id='word_1_160' title='bbox 817 2204 857 2273; x_wconf 86' lang='grc' dir='ltr'><strong><em>τά</em></strong></span> <span class='ocrx_word' id='word_1_161' title='bbox 873 2208 969 2293; x_wconf 81' lang='grc' dir='ltr'><strong><em>ἔτερα</em></strong></span> <span class='ocrx_word' id='word_1_162' title='bbox 983 2211 1120 2290; x_wconf 72' lang='grc' dir='ltr'><strong><em>ποιέεινς</em></strong></span> 
     </span>
     <span class='ocr_line' id='line_1_22' title="bbox 126 2297 1121 2393; baseline 0.001 -24"><span class='ocrx_word' id='word_1_163' title='bbox 126 2308 156 2370; x_wconf 89' lang='grc' dir='ltr'><strong><em>εί</em></strong></span> <span class='ocrx_word' id='word_1_164' title='bbox 169 2301 232 2388; x_wconf 77' lang='grc' dir='ltr'><strong><em>μὲν</em></strong></span> <span class='ocrx_word' id='word_1_165' title='bbox 244 2297 310 2389; x_wconf 89' lang='grc' dir='ltr'><strong><em>γάρ</em></strong></span> <span class='ocrx_word' id='word_1_166' title='bbox 326 2298 495 2388; x_wconf 75' lang='grc' dir='ltr'><strong><em>ἀξιόχρεος</em></strong></span> <span class='ocrx_word' id='word_1_167' title='bbox 523 2301 649 2380; x_wconf 86' lang='grc' dir='ltr'><strong><em>δοκέεις</em></strong></span> <span class='ocrx_word' id='word_1_168' title='bbox 665 2299 750 2370; x_wconf 72' lang='grc' dir='ltr'><strong><em>εἶναι</em></strong></span> <span class='ocrx_word' id='word_1_169' title='bbox 768 2310 902 2393; x_wconf 74' lang='grc' dir='ltr'><strong><em>σεωυτῷ</em></strong></span> <span class='ocrx_word' id='word_1_170' title='bbox 919 2317 1006 2372; x_wconf 76' lang='grc' dir='ltr'><strong><em>τοῖσι</em></strong></span> <span class='ocrx_word' id='word_1_171' title='bbox 1022 2307 1121 2391; x_wconf 81' lang='grc' dir='ltr'><strong><em>ἐμοῖσι</em></strong></span> 
     </span>
     <span class='ocr_line' id='line_1_23' title="bbox 125 2395 1121 2488; baseline 0 -20"><span class='ocrx_word' id='word_1_172' title='bbox 125 2399 296 2487; x_wconf 85' lang='grc' dir='ltr'><strong><em>πρήγμασι</em></strong></span> <span class='ocrx_word' id='word_1_173' title='bbox 316 2395 540 2485; x_wconf 81' lang='grc' dir='ltr'><strong><em>άντιωθῆναι,</em></strong></span> <span class='ocrx_word' id='word_1_174' title='bbox 563 2396 607 2467; x_wconf 85' lang='grc' dir='ltr'><strong><em>σύ</em></strong></span> <span class='ocrx_word' id='word_1_175' title='bbox 629 2400 665 2466; x_wconf 76' lang='grc' dir='ltr'><strong><em>δὲ</em></strong></span> <span class='ocrx_word' id='word_1_176' title='bbox 687 2399 765 2477; x_wconf 90' lang='grc' dir='ltr'><strong><em>στάς</em></strong></span> <span class='ocrx_word' id='word_1_177' title='bbox 782 2425 817 2467; x_wconf 92' lang='grc' dir='ltr'><strong><em>τε</em></strong></span> <span class='ocrx_word' id='word_1_178' title='bbox 834 2402 889 2468; x_wconf 76' lang='grc' dir='ltr'><strong><em>καὶ</em></strong></span> <span class='ocrx_word' id='word_1_179' title='bbox 912 2404 1121 2488; x_wconf 87' lang='grc' dir='ltr'><strong><em>παυσάμενος</em></strong></span> 
     </span>
     <span class='ocr_line' id='line_1_24' title="bbox 124 2494 1121 2586; baseline -0.001 -20"><span class='ocrx_word' id='word_1_180' title='bbox 124 2495 253 2584; x_wconf 85' lang='grc' dir='ltr'><strong><em>πλάνης</em></strong></span> <span class='ocrx_word' id='word_1_181' title='bbox 266 2497 449 2584; x_wconf 88' lang='grc' dir='ltr'><strong><em>μάχεσθαι,</em></strong></span> <span class='ocrx_word' id='word_1_182' title='bbox 472 2503 502 2566; x_wconf 86' lang='grc' dir='ltr'><strong><em>εί</em></strong></span> <span class='ocrx_word' id='word_1_183' title='bbox 521 2498 556 2566; x_wconf 72' lang='grc' dir='ltr'><strong><em>δὲ</em></strong></span> <span class='ocrx_word' id='word_1_184' title='bbox 572 2496 816 2584; x_wconf 81' lang='grc' dir='ltr'><strong><em>συγγινώσκεαι</em></strong></span> <span class='ocrx_word' id='word_1_185' title='bbox 834 2496 919 2567; x_wconf 78' lang='grc' dir='ltr'><strong><em>εἶναι</em></strong></span> <span class='ocrx_word' id='word_1_186' title='bbox 935 2502 1062 2586; x_wconf 79' lang='grc' dir='ltr'><strong><em>ἕσσαν,</em></strong></span> <span class='ocrx_word' id='word_1_187' title='bbox 1083 2494 1121 2566; x_wconf 84' lang='grc' dir='ltr'><strong><em>σύ</em></strong></span> 
     </span>
     <span class='ocr_line' id='line_1_25' title="bbox 125 2592 1122 2690; baseline 0.003 -26"><span class='ocrx_word' id='word_1_188' title='bbox 125 2599 161 2664; x_wconf 74' lang='grc' dir='ltr'><strong><em>δὲ</em></strong></span> <span class='ocrx_word' id='word_1_189' title='bbox 182 2597 237 2664; x_wconf 84' lang='grc' dir='ltr'><strong><em>καὶ</em></strong></span> <span class='ocrx_word' id='word_1_190' title='bbox 258 2592 347 2664; x_wconf 83' lang='grc' dir='ltr'><strong><em>οὕτω</em></strong></span> <span class='ocrx_word' id='word_1_191' title='bbox 367 2593 582 2681; x_wconf 87' lang='grc' dir='ltr'><strong><em>παυσάμενος</em></strong></span> <span class='ocrx_word' id='word_1_192' title='bbox 606 2602 667 2662; x_wconf 87' lang='grc' dir='ltr'><strong><em>τού</em></strong></span> <span class='ocrx_word' id='word_1_193' title='bbox 688 2594 816 2680; x_wconf 87' lang='grc' dir='ltr'><strong><em>δρόμου</em></strong></span> <span class='ocrx_word' id='word_1_194' title='bbox 838 2596 983 2685; x_wconf 78' lang='grc' dir='ltr'><strong><em>δεσπότῃ</em></strong></span> <span class='ocrx_word' id='word_1_195' title='bbox 1006 2605 1053 2690; x_wconf 77' lang='grc' dir='ltr'><strong><em>τῷ</em></strong></span> <span class='ocrx_word' id='word_1_196' title='bbox 1078 2602 1122 2688; x_wconf 71' lang='grc' dir='ltr'><strong><em>σρῖ</em></strong></span> 
     </span>
    </p>

    <p class='ocr_par' dir='ltr' id='par_1_5' title="bbox 51 2690 1125 3468">
     <span class='ocr_line' id='line_1_26' title="bbox 51 2690 1123 2783; baseline 0.005 -26"><span class='ocrx_word' id='word_1_197' title='bbox 51 2705 107 2760; x_wconf 72' lang='grc' dir='ltr'><strong><em>,ίνλ</em></strong></span> <span class='ocrx_word' id='word_1_198' title='bbox 124 2698 215 2780; x_wconf 77' lang='grc' dir='ltr'><strong><em>δῶρα</em></strong></span> <span class='ocrx_word' id='word_1_199' title='bbox 233 2695 347 2780; x_wconf 83' lang='grc' dir='ltr'><strong><em>φέρων</em></strong></span> <span class='ocrx_word' id='word_1_200' title='bbox 368 2699 432 2779; x_wconf 80' lang='grc' dir='ltr'><strong><em>γῆν</em></strong></span> <span class='ocrx_word' id='word_1_201' title='bbox 453 2695 563 2761; x_wconf 77' lang='grc' dir='ltr'><strong><em>τεκαὶ</em></strong></span> <span class='ocrx_word' id='word_1_202' title='bbox 585 2691 676 2777; x_wconf 84' lang='grc' dir='ltr'><strong><em>ὕδωρ</em></strong></span> <span class='ocrx_word' id='word_1_203' title='bbox 703 2692 781 2760; x_wconf 73' lang='grc' dir='ltr'><strong><em>ἐλθὲ</em></strong></span> <span class='ocrx_word' id='word_1_204' title='bbox 801 2694 834 2771; x_wconf 78' lang='grc' dir='ltr'><strong><em>ἐς</em></strong></span> <span class='ocrx_word' id='word_1_205' title='bbox 856 2692 988 2779; x_wconf 90' lang='grc' dir='ltr'><strong><em>λύγους.</em></strong></span> <span class='ocrx_word' id='word_1_206' title='bbox 1034 2690 1123 2783; x_wconf 85' lang='grc' dir='ltr'><strong><em>Πρδς</em></strong></span> 
     </span>
     <span class='ocr_line' id='line_1_27' title="bbox 123 2786 1122 2878; baseline -0.001 -18"><span class='ocrx_word' id='word_1_207' title='bbox 123 2798 226 2860; x_wconf 84' lang='grc' dir='ltr'><strong><em>ταῦτα</em></strong></span> <span class='ocrx_word' id='word_1_208' title='bbox 258 2787 275 2859; x_wconf 86' lang='grc' dir='ltr'>ὁ</span> <span class='ocrx_word' id='word_1_209' title='bbox 298 2791 467 2858; x_wconf 77' lang='grc' dir='ltr'><strong><em>Σκυθέων</em></strong></span> <span class='ocrx_word' id='word_1_210' title='bbox 489 2787 646 2878; x_wconf 79' lang='grc' dir='ltr'><strong><em>βασιλεύς</em></strong></span> <span class='ocrx_word' id='word_1_211' title='bbox 666 2786 885 2876; x_wconf 86' lang='grc' dir='ltr'><strong><em>Ἰδάνθυρσος</em></strong></span> <span class='ocrx_word' id='word_1_212' title='bbox 909 2796 1002 2878; x_wconf 82' lang='grc' dir='ltr'><strong><em>ἔλεγε</em></strong></span> <span class='ocrx_word' id='word_1_213' title='bbox 1030 2792 1122 2861; x_wconf 90' lang='grc' dir='ltr'><strong><em>τάδε·</em></strong></span> 
     </span>
     <span class='ocr_line' id='line_1_28' title="bbox 125 2880 1124 2976; baseline -0.002 -17"><span class='ocrx_word' id='word_1_214' title='bbox 125 2889 224 2959; x_wconf 83' lang='grc' dir='ltr'><strong><em>Οὕτω</em></strong></span> <span class='ocrx_word' id='word_1_215' title='bbox 238 2886 274 2959; x_wconf 87' lang='grc' dir='ltr'>τό</span> <span class='ocrx_word' id='word_1_216' title='bbox 298 2884 379 2973; x_wconf 78' lang='grc' dir='ltr'><strong><em>ἐμὸν</em></strong></span> <span class='ocrx_word' id='word_1_217' title='bbox 394 2891 476 2974; x_wconf 82' lang='grc' dir='ltr'><strong><em>ἔχει,</em></strong></span> <span class='ocrx_word' id='word_1_218' title='bbox 497 2880 524 2955; x_wconf 77' lang='grc' dir='ltr'><em>ὦ</em></span> <span class='ocrx_word' id='word_1_219' title='bbox 538 2889 667 2974; x_wconf 83' lang='grc' dir='ltr'><strong><em>Πέρσα·</em></strong></span> <span class='ocrx_word' id='word_1_220' title='bbox 696 2882 761 2973; x_wconf 72' lang='grc' dir='ltr'><strong><em>ἐγώ</em></strong></span> <span class='ocrx_word' id='word_1_221' title='bbox 782 2884 906 2955; x_wconf 83' lang='grc' dir='ltr'><strong><em>ούδένα</em></strong></span> <span class='ocrx_word' id='word_1_222' title='bbox 922 2915 971 2957; x_wconf 89' lang='grc' dir='ltr'><strong><em>κω</em></strong></span> <span class='ocrx_word' id='word_1_223' title='bbox 985 2886 1124 2976; x_wconf 85' lang='grc' dir='ltr'><strong><em>άνθρύ-</em></strong></span> 
     </span>
     <span class='ocr_line' id='line_1_29' title="bbox 122 2982 1123 3074; baseline -0.002 -17"><span class='ocrx_word' id='word_1_224' title='bbox 122 3014 196 3057; x_wconf 89' lang='grc' dir='ltr'><strong><em>πων</em></strong></span> <span class='ocrx_word' id='word_1_225' title='bbox 211 2991 321 3064; x_wconf 91' lang='grc' dir='ltr'><strong><em>δείσας</em></strong></span> <span class='ocrx_word' id='word_1_226' title='bbox 337 2989 465 3072; x_wconf 82' lang='grc' dir='ltr'><strong><em>ἔφυγον</em></strong></span> <span class='ocrx_word' id='word_1_227' title='bbox 481 2982 559 3052; x_wconf 80' lang='grc' dir='ltr'><strong><em>οὔτε</em></strong></span> <span class='ocrx_word' id='word_1_228' title='bbox 573 2985 753 3071; x_wconf 88' lang='grc' dir='ltr'><strong><em>πρότερον,</em></strong></span> <span class='ocrx_word' id='word_1_229' title='bbox 772 2983 849 3053; x_wconf 87' lang='grc' dir='ltr'><strong><em>ούτε</em></strong></span> <span class='ocrx_word' id='word_1_230' title='bbox 864 2991 930 3053; x_wconf 85' lang='grc' dir='ltr'><strong><em>νῦν</em></strong></span> <span class='ocrx_word' id='word_1_231' title='bbox 943 3004 981 3055; x_wconf 89' lang='grc' dir='ltr'><strong><em>σε</em></strong></span> <span class='ocrx_word' id='word_1_232' title='bbox 995 2987 1123 3074; x_wconf 87' lang='grc' dir='ltr'><strong><em>φεύγω,</em></strong></span> 
     </span>
     <span class='ocr_line' id='line_1_30' title="bbox 122 3077 1124 3172; baseline -0.005 -15"><span class='ocrx_word' id='word_1_233' title='bbox 122 3085 204 3157; x_wconf 82' lang='grc' dir='ltr'><strong><em>ούδέ</em></strong></span> <span class='ocrx_word' id='word_1_234' title='bbox 216 3113 247 3153; x_wconf 95' lang='grc' dir='ltr'><strong><em>τι</em></strong></span> <span class='ocrx_word' id='word_1_235' title='bbox 264 3081 428 3169; x_wconf 84' lang='grc' dir='ltr'><strong><em>νεύτερύν</em></strong></span> <span class='ocrx_word' id='word_1_236' title='bbox 451 3086 517 3167; x_wconf 90' lang='grc' dir='ltr'><strong><em>είμι</em></strong></span> <span class='ocrx_word' id='word_1_237' title='bbox 533 3082 674 3169; x_wconf 84' lang='grc' dir='ltr'><strong><em>ποιήσας</em></strong></span> <span class='ocrx_word' id='word_1_238' title='bbox 690 3077 790 3169; x_wconf 83' lang='grc' dir='ltr'><strong><em>νῦνῆ</em></strong></span> <span class='ocrx_word' id='word_1_239' title='bbox 805 3084 859 3150; x_wconf 78' lang='grc' dir='ltr'><strong><em>καὶ</em></strong></span> <span class='ocrx_word' id='word_1_240' title='bbox 874 3085 911 3150; x_wconf 82' lang='grc' dir='ltr'><strong><em>ἐν</em></strong></span> <span class='ocrx_word' id='word_1_241' title='bbox 929 3084 1046 3172; x_wconf 79' lang='grc' dir='ltr'><strong><em>εἰρήνη</em></strong></span> <span class='ocrx_word' id='word_1_242' title='bbox 1061 3082 1124 3152; x_wconf 83' lang='grc' dir='ltr'><strong><em>ἐύ-</em></strong></span> 
     </span>
     <span class='ocr_line' id='line_1_31' title="bbox 121 3178 1125 3271; baseline -0.002 -17"><span class='ocrx_word' id='word_1_243' title='bbox 121 3196 187 3254; x_wconf 86' lang='grc' dir='ltr'><strong><em>θεα</em></strong></span> <span class='ocrx_word' id='word_1_244' title='bbox 201 3183 336 3250; x_wconf 85' lang='grc' dir='ltr'><strong><em>ποιέειν.</em></strong></span> <span class='ocrx_word' id='word_1_245' title='bbox 370 3179 391 3249; x_wconf 84' lang='grc' dir='ltr'>ὅ</span> <span class='ocrx_word' id='word_1_246' title='bbox 411 3207 442 3247; x_wconf 89' lang='grc' dir='ltr'><strong><em>τι</em></strong></span> <span class='ocrx_word' id='word_1_247' title='bbox 456 3179 494 3247; x_wconf 72' lang='grc' dir='ltr'><strong><em>δὲ</em></strong></span> <span class='ocrx_word' id='word_1_248' title='bbox 515 3178 577 3249; x_wconf 90' lang='grc' dir='ltr'><strong><em>ούκ</em></strong></span> <span class='ocrx_word' id='word_1_249' title='bbox 593 3178 712 3267; x_wconf 75' lang='grc' dir='ltr'><strong><em>αὐτίκα</em></strong></span> <span class='ocrx_word' id='word_1_250' title='bbox 732 3182 880 3269; x_wconf 89' lang='grc' dir='ltr'><strong><em>μάχομαί</em></strong></span> <span class='ocrx_word' id='word_1_251' title='bbox 897 3209 967 3271; x_wconf 92' lang='grc' dir='ltr'><strong><em>τοι,</em></strong></span> <span class='ocrx_word' id='word_1_252' title='bbox 988 3181 1054 3269; x_wconf 72' lang='grc' dir='ltr'><strong><em>ἐμοὶ</em></strong></span> <span class='ocrx_word' id='word_1_253' title='bbox 1070 3186 1125 3252; x_wconf 80' lang='grc' dir='ltr'><strong><em>καλ</em></strong></span> 
     </span>
     <span class='ocr_line' id='line_1_32' title="bbox 122 3273 1124 3369; baseline -0.002 -18"><span class='ocrx_word' id='word_1_254' title='bbox 122 3290 220 3351; x_wconf 83' lang='grc' dir='ltr'><strong><em>τοῦτο</em></strong></span> <span class='ocrx_word' id='word_1_255' title='bbox 237 3282 405 3366; x_wconf 83' lang='grc' dir='ltr'><strong><em>σημανέω·</em></strong></span> <span class='ocrx_word' id='word_1_256' title='bbox 426 3273 508 3365; x_wconf 77' lang='grc' dir='ltr'><strong><em>ἡμῖν</em></strong></span> <span class='ocrx_word' id='word_1_257' title='bbox 523 3277 601 3347; x_wconf 86' lang='grc' dir='ltr'><strong><em>ούτε</em></strong></span> <span class='ocrx_word' id='word_1_258' title='bbox 618 3277 718 3348; x_wconf 87' lang='grc' dir='ltr'><strong><em>άστεα</em></strong></span> <span class='ocrx_word' id='word_1_259' title='bbox 738 3277 816 3348; x_wconf 87' lang='grc' dir='ltr'><strong><em>ούτε</em></strong></span> <span class='ocrx_word' id='word_1_260' title='bbox 829 3286 872 3368; x_wconf 84' lang='grc' dir='ltr'><strong><em>γῆ</em></strong></span> <span class='ocrx_word' id='word_1_261' title='bbox 887 3305 1124 3369; x_wconf 88' lang='grc' dir='ltr'><strong><em>πεφυτευμενη</em></strong></span> 
     </span>
     <span class='ocr_line' id='line_1_33' title="bbox 120 3371 1125 3468; baseline 0.002 -24"><span class='ocrx_word' id='word_1_262' title='bbox 120 3383 205 3466; x_wconf 85' lang='grc' dir='ltr'><strong><em>ἔστι,</em></strong></span> <span class='ocrx_word' id='word_1_263' title='bbox 228 3384 295 3445; x_wconf 81' lang='grc' dir='ltr'><strong><em>τῶν</em></strong></span> <span class='ocrx_word' id='word_1_264' title='bbox 309 3381 384 3463; x_wconf 81' lang='grc' dir='ltr'><strong><em>πέρι</em></strong></span> <span class='ocrx_word' id='word_1_265' title='bbox 399 3380 583 3465; x_wconf 87' lang='grc' dir='ltr'><strong><em>δείσαντες,</em></strong></span> <span class='ocrx_word' id='word_1_266' title='bbox 606 3374 650 3464; x_wconf 77' lang='grc' dir='ltr'><strong><em>μὴ</em></strong></span> <span class='ocrx_word' id='word_1_267' title='bbox 682 3375 753 3447; x_wconf 82' lang='grc' dir='ltr'><strong><em>άλύ</em></strong></span> <span class='ocrx_word' id='word_1_268' title='bbox 774 3371 795 3465; x_wconf 80' lang='grc' dir='ltr'><strong><em>ἦ</em></strong></span> <span class='ocrx_word' id='word_1_269' title='bbox 816 3384 918 3466; x_wconf 75' lang='grc' dir='ltr'><strong><em>καρῇ,</em></strong></span> <span class='ocrx_word' id='word_1_270' title='bbox 939 3376 1125 3468; x_wconf 84' lang='grc' dir='ltr'><strong><em>ταχύτερον</em></strong></span> 
     </span>
    </p>
   </div>
   <div class='ocr_carea' id='block_1_3' title="bbox 0 0 1182 3840">
    <p class='ocr_par' dir='ltr' id='par_1_6' title="bbox 0 0 1182 3840">
     <span class='ocr_line' id='line_1_34' title="bbox 0 0 1182 3840; baseline 0 0"><span class='ocrx_word' id='word_1_271' title='bbox 0 0 1182 3840; x_wconf 95' lang='lat' dir='ltr'><strong><em> </em></strong></span> 
     </span>
    </p>
   </div>
  </div>
 </body>
</html>
