2354 3840
145 189 205 250 194
530 194 781 251 HERODOTI

143 346 265 416 αὐτόθι
282 348 365 418 εἶναι
382 356 449 416 τῶν
466 376 501 416 τε
516 348 622 435 ἀρχὴν
638 347 698 416 τόν
718 349 931 435 λαβύρινθον
953 355 1076 416 τοῦτον
1094 350 1140 416 οἰ.

143 451 425 532 κοδομησαμένων
445 451 610 534 βασιλέων
633 449 779 514 καὶτῶν
803 451 887 530 ἱρῶν
899 450 1140 530 κροκοδείλων.

143 543 231 610 οὕτω
243 552 311 610 των
325 545 386 630 μὲν
401 545 491 611 κάτω
502 547 577 629 πέρι
592 544 781 634 οἰκημάτων
796 541 880 631 ἀκοῇ
894 541 1141 629 παραλαβόντες

143 643 299 725 λέγομεν,
319 638 362 706 τά
380 640 416 707 δὲ
437 639 507 708 άνω
528 644 647 726 μέζονα
667 639 1028 728 άνθρωπηίωνέργων
1051 636 1141 707 αὐτοὶ

143 734 299 821 άρίομεν.
324 739 361 802 αί
374 763 410 804 τε
424 735 489 823 γάρ
504 741 611 817 ἔξοδοι
628 735 684 806 διά
698 745 766 804 τῶν
781 740 996 822 στεγέωνααί
1010 740 1044 805 οί
1064 739 1141 805 είλε-

142 837 219 918 γμοί
231 832 286 900 διὰ
296 841 365 900 τῶν
376 832 507 921 αὐλέων
521 835 632 913 ἰόντες
642 835 876 904 ποικιλώτατοι
893 836 996 919 δεῖμα
1021 837 1141 918 μυρίον

142 939 337 1017 παρείχοντο
356 936 388 1013 ἐξ
404 932 507 1020 αὐλῆς
516 959 557 1000 τε
578 931 665 1011 ίςτά
682 933 845 1019 οἰκήματα
858 936 1023 1012 διεξιοῦσι
1030 933 1094 999 καὶ
1108 932 1142 997 ἐκ

142 1036 209 1094 τῶν
225 1030 414 1114 οἰκημάτων
431 1033 464 1108 ἐς
478 1030 664 1115 παστάδας,
685 1034 721 1108 ές
731 1026 1013 1116 στέγαςτεάλλας
1026 1029 1140 1095 ἐκτῶν

141 1127 321 1193 παστάδων
335 1131 390 1195 καί
405 1131 437 1206 ἐς
448 1124 664 1206 αὐλάςάλλας
679 1130 714 1196 ἐκ
728 1135 797 1196 τεόν
808 1127 1008 1213 οἰκημάτων.
1033 1121 1139 1213 ὀροφὴ

142 1219 177 1290 δὲ
196 1223 335 1291 πάντων
354 1225 483 1292 τούτων
507 1231 639 1310 λιθίνη,
668 1222 820 1310 κατάπερ
857 1227 891 1290 οἰ
908 1235 1028 1307 τοῖχοι,
1047 1224 1089 1288 ,οί
1100 1218 1140 1287 δὲ

141 1337 244 1406 τοῖχοι
271 1322 387 1388 τύπων
413 1323 689 1409 ἐγγεγλυμμένων
706 1323 822 1405 πλέοι,
851 1315 935 1404 αόλη
950 1317 997 1385 -δδ
1022 1317 1138 1401 ἑκάστη

142 1424 337 1503 περίστυλος
353 1425 455 1485 λίθου
472 1425 595 1485 λευκοῦ
613 1417 825 1503 ἁρμοσμένου
846 1413 1055 1500 τάμάλιστα.
1086 1421 1140 1500 της

142 1516 178 1580 δὲ
193 1519 316 1599 γωνίης
326 1512 556 1590 τελευτέοντος
569 1520 629 1580 τοῦ
643 1520 856 1599 λαβυρίνθου
875 1518 982 1597 έχεται
995 1513 1140 1600 πυραμὶς

141 1608 513 1694 τεσσερακοντόργυιος,
540 1613 580 1676 ἐν
601 1617 640 1698 τῇ
665 1615 730 1700 ζῷα
747 1609 881 1694 ,μεγάλα
907 1609 1139 1694 ἐγγέγλυπται’

73 1733 123 1787 149
142 1702 221 1782 ὁδὸς
238 1702 269 1771 δ’
289 1708 322 1783 ἐς
336 1703 442 1792 αὐτὴν
456 1703 522 1773 ὑπὸ
538 1713 603 1792 γῆν
618 1713 800 1792 πεποίηται.
846 1712 914 1772 Τοῦ
929 1704 965 1771 δὲ
979 1710 1141 1792 λαβυρίν-

140 1816 211 1873 θου
223 1804 349 1872 τούτου
364 1805 477 1881 ἐόντος
488 1805 644 1871 τοιούτου
668 1809 770 1891 δῶμα
797 1807 844 1870 ἔτι
853 1806 952 1888 μέζον
963 1806 1140 1890 παρέχεται

82 1908 91 1920 ’
141 1899 319 1988 ἡΜοίριος
336 1904 519 1988 καλεομένη
536 1908 651 1987 λίμνη,
673 1897 753 1987 παρ’
768 1897 840 1987 ἢνὸ
854 1899 1065 1986 λαβύρινθος
1081 1892 1140 1966 υό-

142 2024 197 2076 τος
219 1999 451 2085 οἰκοδόμηται,
474 2006 531 2083 τῆς
548 1994 584 2063 τό
606 2004 805 2084 περίμετρον
826 2005 883 2083 τῆς
899 1997 1063 2084 περιόδου
1080 1997 1140 2064 εἰσί

140 2095 270 2162 στάδιοι
287 2094 451 2173 ἑξακόσιοι
468 2098 522 2161 καί
536 2103 724 2181 τρισχίλιοι,
742 2101 884 2179 σχοίνων
895 2093 1053 2180 ἑξήκοντα
1064 2091 1140 2160 ἐόν-

140 2219 225 2277 των,
248 2201 314 2259 ίσοι
328 2195 383 2260 καί
398 2190 499 2278 αὐτῆς
509 2194 685 2278 Αἰγύπτου
698 2190 735 2260 τό
746 2191 836 2277 παρά
850 2193 1045 2261 θάλασσαν·
1058 2194 1140 2263 Δκέε-

56 2306 60 2312 ’
140 2320 192 2360 ται
210 2294 246 2359 δὲ
262 2289 371 2378 μακρὴ
393 2290 413 2379 ἡ
432 2300 531 2379 λίμνη
547 2292 631 2379 πρὸς
645 2296 768 2381 βορέην
781 2296 885 2362 τεκαὶ
898 2293 1015 2377 νότον,
1039 2294 1138 2359 ἐοῦσα

138 2390 262 2476 βάθος,
280 2395 324 2477 τῇ
344 2389 518 2475 βαθυτάτη
540 2386 622 2475 αὐτη
645 2393 785 2474 ἑωυτῆς,
807 2388 1135 2476 πεντηκοντόργυιος.

137 2488 189 2557 ὅτι
204 2488 240 2556 δὲ
253 2486 480 2575 χειροποίητός
497 2490 564 2555 ἐστι
576 2489 634 2555 καί
644 2484 787 2573 ὀρυκτή,
803 2480 885 2575 αὐτὴ
898 2491 1001 2573 δηλοῖ.
1023 2489 1064 2556 ἐν
1073 2484 1137 2572 γάρ

137 2592 220 2675 μέση
239 2594 279 2673 τῇ
299 2592 399 2672 λίμνη
417 2584 562 2670 μάλιστά
582 2611 625 2672 κη
644 2587 753 2652 ἑστᾶσι
770 2585 833 2652 δύο
851 2588 1056 2671 πυραμίδες,
1077 2590 1136 2652 τοῦ

141 2681 258 2758 ὕδατος
280 2678 499 2767 ὑπερέχουσαι
521 2681 727 2767 πεντήκοντα
744 2677 883 2767 ὀργυιάς
908 2683 1061 2768 ἑκατέρη,
1083 2684 1137 2748 καὶ

136 2777 172 2846 τδ
196 2776 270 2846 κατ’
293 2777 414 2856 ὕδατος
440 2781 653 2866 οἰκοδόμηται
674 2783 789 2866 ἕτερον
811 2788 970 2866 τοσοῦτο,
1003 2784 1060 2848 καί
1083 2776 1135 2850 ἐπ’

136 2876 342 2965 άμφοτέρησι
357 2882 467 2944 ἔπεστι
484 2875 644 2956 κολοσσός
653 2885 785 2957 λίθινος
800 2878 984 2965 κατήμενος
996 2880 1034 2946 έν
1049 2878 1137 2965 θρό-

136 3003 193 3066 νῳ.
220 2973 309 3042 οὕτω
324 2979 361 3042 αί
372 2976 434 3061 μὲν
450 2980 633 3062 πυραμίδες
649 2979 710 3044 εἰσί
725 2976 844 3044 ἑαυτὸν
860 2973 1090 3064 ὀργυιέων,“αί
1104 2973 1135 3044 δ’

135 3073 254 3140 ἕκατδν
268 3069 400 3158 ὀργυιαὶ
415 3077 542 3143 δίκαιαί
554 3080 616 3142 εἰσι
631 3074 769 3141 στάδιον
785 3074 1004 3161 ἑξάπλεθρον,
1022 3077 1139 3155 ἑξαπέ-

136 3172 198 3233 δου
213 3170 274 3253 μὲν
288 3177 344 3255 τῆς
361 3168 499 3257 ὀργυιῆς
515 3174 734 3258 μετρεομένης
751 3173 806 3240 καί
818 3171 1053 3259 τετραπήχεος,
1069 3178 1137 3241 τόν

133 3269 249 3332 ποδῶν
266 3265 327 3350 μὲν
342 3277 630 3354 τετραπαλαίστων
645 3270 787 3357 ἐόντων,
803 3277 865 3338 τοῦ
880 3269 915 3337 δὲ
926 3270 1047 3355 κη’χεος
1062 3271 1138 3349 ἑξα-

134 3369 327 3431 παλαίστου.
349 3363 386 3433 τό
399 3361 434 3432 δὲ
446 3366 538 3455 ὕδωρ
552 3365 589 3435 τὸ
603 3370 639 3434 ἐν
654 3376 693 3456 τῇ
706 3376 805 3457 λίμνη
816 3366 987 3452 αότιγενὲς
996 3366 1060 3451 μὲν
1074 3364 1137 3434 οὐκ
