2354 3840
138 195 199 260 298
508 201 761 259 HERODOTI

137 365 224 448 έργφ
239 361 275 426 δὲ
292 355 356 427 οῦκ
370 354 597 425 ἀποδεικνῦσι.
626 358 789 425 ἐνθεῦτεν
802 354 864 424 τὸν
878 355 1044 445 Ἡρακλέα
1060 355 1133 424 ἀπι-

136 461 256 525 κέσθαι
272 460 305 536 ές
318 454 381 544 τὴν
390 463 457 523 νῦν
467 451 650 541 Σκυθικὴν
662 456 776 543 χώρην
790 458 1015 542 καλεομένην·
1036 482 1133 525 κατα-

137 565 252 643 λαβείν
264 553 330 642 γάρ
345 553 450 624 αὐτὸν
465 555 611 642 χειμώνά
625 557 732 623 τεκαὶ
746 557 894 642 κρυμόν·
916 555 1134 642 ἐπειρυσάμε-

135 681 199 722 νου
221 651 284 739 τὴν
307 653 463 738 λεοντέην
485 656 718 739 κατυπνῶσαι,
741 651 800 731 τάς
823 650 865 718 δέ
886 653 923 718 οί
941 657 1069 732 ἵππους
1081 651 1135 732 τὰς

137 749 202 819 ἀπὸ
223 757 285 817 τοῦ
302 748 448 836 ἅρματος
464 752 650 835 νεμομένας
670 752 708 816 έν
726 751 834 840 τοώτφ
850 758 896 840 τῷ
916 753 1030 844 χρόνφ
1050 750 1135 839 ἀφα-

102 854 297 933 ςνισθῆναι
317 854 395 934 θείη
416 848 507 935 τύχη.
552 845 611 925 Ὡς
629 845 660 914 δ’
684 850 865 934 ἐγερθῆναι
885 848 947 917 τὸν
961 848 1134 935 Ἡρακλέα,

138 950 308 1030 διζησθαι,
330 945 439 1011 πάντα
465 945 503 1011 δὲ
525 941 565 1019 τά
588 951 646 1029 τῆς
666 946 777 1031 χώρης
799 949 1025 1026 ἐπεξελθόντα
1048 951 1134 1024 τέλος

137 1041 317 1111 ἀπικέσθαι
332 1047 365 1123 ἐς
378 1041 442 1129 τὴν
455 1041 590 1128 Ὑλαίην
604 1047 811 1130 καλεομένην
830 1052 912 1131 γῆν·
934 1050 1087 1115 ἐνθαῦτα
1101 1047 1133 1112 δὲ

137 1139 242 1209 αὐτὸν
257 1140 369 1227 εὑρεῖν
390 1145 427 1209 έν
443 1142 554 1233 ἀντρφ
571 1142 824 1228 μιξοπάρθενον
839 1170 914 1211 τινα
935 1149 1074 1232 ἔχιδναν
1087 1150 1132 1213 δι-

136 1243 240 1326 φυέα,
260 1248 317 1326 τῆς
334 1239 373 1308 τά
391 1243 453 1327 μέν
474 1241 545 1307 ἀνω
565 1238 631 1307 ἀπὸ
646 1247 714 1309 τών
736 1246 891 1326 γλουτῶν
916 1241 1002 1312 εἶναι
1017 1269 1131 1329 γυναι-

135 1335 270 1423 κὸς,τά
293 1341 329 1406 δὲ
351 1345 471 1425 ἔνερθε
498 1337 603 1425 όφιος.
638 1340 754 1407 ἰδόντα
774 1339 811 1406 δὲ
831 1343 888 1407 καὶ
925 1341 1131 1426 θωμάσαντα

135 1440 328 1522 έπείρεσθαί
343 1462 417 1521 μιν,
435 1447 469 1504 εί
478 1463 541 1504 κου
553 1443 620 1504 ίδοι
630 1440 753 1514 ἵππους
766 1441 1010 1524 πλανεομένας·
1025 1437 1088 1527 τὴν
1099 1437 1132 1505 δὲ

135 1534 241 1620 φάναι
256 1531 384 1620 ἑωυτὴν
400 1541 504 1621 ἔχειν,
525 1538 580 1602 καλ
597 1533 660 1602 οὐκ
677 1533 868 1603 ἀποδώσειν
883 1538 1001 1627 έκείνφ
1021 1532 1131 1621 πρλνῆ

135 1637 169 1700 οἱ
187 1639 364 1718 μιχθῆναι·
387 1630 448 1700 τὸν
468 1634 506 1699 δὲ
522 1630 684 1719 Ἡρακλέα
704 1641 865 1719 μιχθῆναι
886 1635 939 1701 έπλ
959 1640 1006 1723 τῷ
1025 1636 1131 1721 μισθῷ

134 1730 251 1818 τοότφ.
274 1731 406 1814 ἐκείνην
415 1755 451 1795 τε
468 1726 509 1815 δὴ
525 1726 797 1816 ὑπερβάλλεσθαι
811 1728 874 1817 υῆν
888 1727 1055 1798 ἀπόδοσιν
1069 1737 1131 1797 τών

133 1830 262 1911 ἵππων,
289 1829 499 1913 βουλομένην
521 1824 566 1904 ὡς
585 1836 741 1894 πλείστου
764 1827 889 1914 χρόνον
913 1841 1067 1895 συνεῖναι
1090 1832 1131 1914 τῷ

127 1926 295 2009 Ἡρακλέϊ,
321 1927 376 1991 καὶ
390 1921 450 1991 τὸν
464 1925 691 2009 κομισάμενον
701 1926 833 1992 ἐθέλειν
843 1921 1130 1993 ἀπαλλάσσεσθαι

134 2027 225 2100 τέλος
241 2023 277 2088 δέ
288 2018 517 2089 ἀποδιδοῦσαν
527 2019 634 2107 αὐτὴν
645 2021 916 2100 εἰπεῖν”Ίππους
925 2022 989 2108 μὲν
1000 2018 1042 2108 δὴ
1053 2019 1131 2088 ταῦ-

134 2147 192 2196 τας
206 2117 409 2201 ἀπικομένας
429 2117 554 2185 ἐνθάδε
575 2119 684 2186 έσωσά
705 2144 755 2184 τοι
777 2116 858 2204 ἐγώ,
880 2125 1014 2204 σῶστρα
1033 2121 1072 2186 δέ
1091 2114 1130 2184 σῦ

134 2217 310 2303 παρέσχες·
335 2219 398 2298 ἔχω
413 2212 477 2301 γάρ
489 2217 525 2282 ἐκ
539 2218 596 2283 σέο
606 2219 727 2293 παῖδας
739 2229 842 2300 τρεῖς·
863 2217 1017 2301 τούτους,
1032 2213 1130 2285 ἐπεάν

132 2313 297 2399 γένωνται
318 2310 472 2399 τρόφιες,
494 2312 514 2379 δ’
533 2339 565 2381 τι
584 2310 647 2398 χρὴ
669 2315 812 2399 ποιέειν,
841 2316 955 2399 ἐξηγέο
985 2313 1047 2402 σῦ,
1071 2325 1129 2383 είτε

133 2408 240 2477 αὐτοῦ
255 2416 428 2489 κατοικίζω
444 2411 566 2498 (χώρης
579 2409 644 2496 γάρ
658 2415 758 2496 τῆσδε
773 2415 835 2495 ἔχω
848 2409 885 2477 τὸ
901 2412 1023 2496 κράτος
1034 2410 1128 2500 αῦτη)

133 2518 198 2575 είτε
213 2503 397 2591 ἀποπέμπω
411 2501 499 2592 παρὰ
515 2514 561 2576 σέ.
605 2507 675 2594 Τὴν
688 2511 752 2594 μὲν
766 2507 806 2595 δὴ
820 2516 923 2576 ταῦτα
938 2513 1127 2598 ἐπειρωτᾶν,

132 2602 193 2670 τὸν
210 2605 247 2670 δὲ
268 2604 403 2686 λέγουσι
420 2603 505 2689 πρὸς
524 2612 627 2673 ταῦτα
644 2612 764 2673 είπελν·
795 2603 914 2674 Ἐπεὰν
935 2606 1128 2696 ἀνδρωθέν-

133 2726 190 2779 τας
222 2705 278 2788 ίδχ
302 2699 383 2780 τοῦς
419 2705 554 2788 παῖδας,
576 2703 655 2770 τάδε
672 2710 813 2771 ποιεῦσα
835 2700 897 2771 οὐκ
914 2701 959 2771 ἀν
982 2704 1127 2792 ἁμαρτά-

131 2824 220 2877 νοις·
240 2795 378 2884 τὸνμὲν
393 2795 793 2890 ἀνὸρᾷςαάτώντόδετό
810 2803 910 2883 τόξον
926 2797 992 2871 ώδε
1007 2810 1126 2873 διατει-
1149 2854 1152 2861 -

132 2894 278 2981 νόμενον
299 2900 417 2986 καὶτῷ
438 2904 577 2985 ζωστῆρι
594 2904 678 2988 τῷδε
699 2899 782 2968 κατά
803 2901 883 2968 τάδε
905 2905 1124 2990 ζωννύμενον,

132 2998 252 3059 τοῦτον
266 2994 328 3077 μὲν
344 2998 445 3079 τῆσδε
463 3002 521 3081 τῆς
539 2997 648 3084 χώρης
670 2998 826 3086 οἰκήτορα
843 3007 956 3067 ποιεῦ·
980 3000 1018 3081 ὃς
1035 3000 1067 3069 δ’
1087 2997 1125 3068 ἀν

132 3088 262 3155 τούτων
275 3097 344 3156 τών
359 3096 468 3176 ἔργων
482 3100 551 3161 τών
562 3097 752 3180 ἐντέλλομαι
762 3105 925 3191 λείπηται,
934 3104 1081 3186 ἔκπεμπε
1094 3102 1125 3167 ἐκ

131 3197 189 3277 τῆς
202 3190 318 3279 χώρης.
348 3197 403 3261 καὶ
422 3202 526 3263 ταῦτα
547 3204 689 3264 ποιεῦσα
710 3195 794 3284 αῦτη
814 3225 851 3266 τε
872 3196 1057 3285 εὐφρανέαι
1076 3198 1125 3267 κώ

85 3285 171 3356 10τά
188 3291 404 3377 ἐντεταλμένα
423 3295 581 3379 ποιήσεις.
631 3291 699 3361 Τὸν
718 3298 780 3380 μὲν
801 3292 841 3381 δὴ
864 3296 1045 3380 είρώσαντα
1064 3303 1127 3365 τών

130 3385 236 3466 τόξων
257 3384 293 3452 τό
312 3389 428 3468 ἕτερον
449 3388 527 3472 (δάο
546 3390 611 3476 γάρ
634 3389 674 3479 δὴ
695 3395 831 3478 φορέειν
845 3397 926 3473 τέως
941 3393 1127 3481 Ἡρακλέα),
