2354 3840
330 241 415 300 ΗΒ.
448 243 467 299 Ι.
502 242 601 300 cAP.
641 246 814 301 182-166.
1031 233 1072 298 97

63 424 128 482 ρον
142 393 310 486 γενομένη
324 398 448 486 ταύτης
457 404 626 485 βασίλεια,
640 403 681 486 τῇ
693 395 823 484 οῦνομα
836 390 880 486 ήν
893 406 1071 482 Νίτωκρις,

62 495 151 584 αῦτη
175 497 214 566 δέ
239 499 447 585 συνετωτέρη
466 498 631 584 γενομένη
656 501 714 582 τῆς
734 493 902 581 πρότερον
927 491 1072 581 ἀρξάσης

62 600 166 663 τοῦτο
191 596 254 681 μέν
280 594 481 683 μνημόσυνα
509 594 656 678 ἐλίπετο,
689 590 728 659 τά
756 588 819 678 ἐγώ
846 589 1071 679 ἀπηγήσομαι,

61 698 165 761 τοῦτο
179 693 218 762 δέ
230 692 293 783 τήν
305 688 437 778 Μήδων
446 687 590 772 ὁρέουσα
599 685 704 775 ἀρχήν
717 687 866 774 μεγάλην
879 714 916 757 τε
937 691 992 756 καί
1009 683 1072 754 ούκ

63 787 324 878 ἀτρεμίζουσαν,
352 788 421 860 ἀλλ’
450 789 534 858 ἀλλα
551 815 584 855 τε
596 785 803 875 ἀραιρημένα
819 786 918 855 ἀστεα
930 785 1071 870 αύτοίσι,

64 891 103 956 έν
125 889 165 958 δέ
186 887 230 977 δή
257 893 313 957 καί
331 886 394 976 τήν
414 895 540 973 Νίνον,
562 886 817 972 προεφυλάξατο
845 881 908 952 ὅσα
930 882 1070 952 ἐδύνατο

63 984 219 1072 μάλιστα.
236 992 351 1074 πρώτα
361 987 424 1072 μὲν
434 983 686 1071 τόνΕύφρήτην
696 981 847 1069 ποταμὸν
857 987 975 1072 ῥεοντα
985 980 1072 1068 πρό-

65 1106 167 1170 τερον
180 1081 282 1169 ίδύν,
303 1081 342 1162 ῦς
358 1105 420 1170 σφι
440 1080 496 1152 διά
517 1089 574 1169 τῆς
597 1081 714 1160 πόλιος
728 1083 829 1168 μέσης
844 1083 929 1170 ῥέει,
951 1088 1071 1148 τοῦτον

65 1178 205 1248 ἄνωθεν
222 1179 389 1267 διώρυχας
403 1179 552 1267 ὀρύξασα
566 1179 655 1247 οὕτω
671 1179 712 1266 δή
726 1207 758 1247 τι
774 1183 907 1267 ἐποίησε
921 1176 1070 1263 σκολιὸν,

64 1271 149 1344 ώστε
164 1273 205 1363 δή
228 1279 299 1363 τρίς
318 1278 351 1356 ές
373 1285 441 1346 τών
461 1277 537 1346 τινά
558 1279 698 1362 κωμέων
718 1283 785 1344 τών
807 1279 844 1344 έν
864 1284 904 1364 τῇ
914 1276 1071 1364 Ἀσσυρίη

63 1369 258 1440 ἀπικνέεται
272 1375 367 1461 ῥέων.
396 1382 436 1464 τῇ
450 1377 488 1442 δὲ
501 1375 597 1462 κώμη
612 1372 743 1460 οῦνομά
759 1375 844 1461 ἐστι,
866 1377 899 1453 ές
914 1371 977 1460 τήν
992 1371 1071 1445 ἀπι-

64 1474 196 1539 κνέεται
217 1467 451 1562 ὀΕύφρήτης,
469 1473 673 1563 Ἀρδέρικκα.
703 1476 758 1542 καὶ
779 1480 845 1542 νῦν
867 1482 902 1544 οἳ
914 1471 958 1544 ἀν
974 1485 1071 1564 κομί-

64 1574 185 1649 ζωνται
205 1565 271 1636 ἀπὸ
295 1574 394 1657 τήσδε
415 1578 473 1659 τῆς
494 1572 667 1659 θαλάσσης
688 1574 721 1650 ές
741 1580 945 1660 Βαβυλῶνα,
968 1602 1071 1643 κατα-

62 1665 233 1745 πλώοντες
270 1667 330 1737 τόν
353 1665 537 1756 Εὐφρήτην
557 1666 710 1756 ποταμόν
719 1675 791 1756 τρίς
801 1695 836 1736 τε
848 1672 881 1748 ές
891 1668 953 1758 τήν
964 1669 1070 1759 αὐτήν

62 1760 191 1852 ταύτην
202 1764 319 1852 κώμην
328 1773 570 1852 παραγίνονται
582 1770 637 1835 καί
651 1768 690 1836 έν
701 1769 787 1853 τρισί
797 1764 947 1858 ἡμέρῃσι.
970 1778 1069 1838 τοῦτο

63 1864 127 1949 μέν
141 1859 185 1950 δή
197 1869 330 1932 τοιοῦτο
345 1865 495 1950 ἐποίησε,
516 1869 610 1950 χώμα
624 1865 660 1932 δὲ
674 1868 845 1950 παρέχωσε
858 1864 940 1953 παρ’
956 1866 1070 1936 ἑκάτε-

63 1985 128 2048 ρον
150 1965 212 2027 τοῦ
227 1967 379 2046 ποταμοῦ
396 1959 433 2028 τδ
455 1970 563 2047 χεῖλος
584 1959 679 2041 ἀξιον
711 1967 884 2049 θώματος,
920 1970 1069 2051 μέγαθος

62 2059 119 2126 καί
133 2054 221 2137 ῦῦος
234 2055 317 2126 ὅσον
331 2085 362 2126 τι
379 2061 456 2127 έστί.
479 2058 671 2144 κατύπερθε
686 2059 723 2125 δὲ
737 2066 850 2150 πολλῷ
864 2067 1068 2147 Βαβυλῶνος

64 2152 198 2241 ώρνσσε
212 2154 353 2244 ἔλυτρον
367 2164 478 2246 λίμνη,
495 2155 611 2242 ὀλίγον
622 2183 652 2224 τι
667 2165 914 2243 παρατείνουσα
925 2157 991 2227 άπό
1007 2169 1068 2226 τοῦ

63 2257 234 2340 ποταμοῦ,
254 2251 363 2340 βάθος
376 2258 439 2341 μὲν
455 2253 534 2333 έςτό
552 2253 644 2341 ὕδωρ
661 2258 724 2323 αίεί
742 2253 952 2343 ὀρύσσουσα,
968 2251 1068 2343 εὖρος

64 2351 100 2419 δδ
115 2347 155 2419 τό
170 2344 378 2438 περίμετρον
391 2349 498 2420 αύτοῦ
513 2359 654 2421 ποιεῦσα
671 2359 779 2421 είκοσί
790 2378 825 2420 τε
839 2355 894 2421 καί
908 2378 1067 2439 τετρακο-

63 2457 149 2519 σίων
163 2454 323 2518 σταδίων·
344 2448 405 2518 τόν
419 2453 455 2519 δὲ
473 2447 705 2536 ὀρυσσόμενον
718 2456 801 2535 χοῦν
815 2451 852 2518 έκ
868 2449 991 2518 τούτου
1005 2455 1066 2516 τοῦ

63 2546 253 2636 ὀρύγματος
262 2547 441 2641 ἀναισίμου
451 2548 542 2636 πορά
554 2545 594 2615 τά
605 2553 713 2633 χείλεα
725 2552 785 2613 τοῦ
794 2553 947 2631 ποταμοῦ
956 2571 1067 2632 παρα·
1083 2613 1085 2618 ,

63 2649 195 2732 χέουσα.
223 2644 331 2712 έπείτε
346 2651 386 2714 δέ
394 2651 428 2714 ολ
440 2643 632 2733 ὀρώρυκτο,
652 2651 772 2722 λίθους
782 2641 972 2732 ἀγαγομένη
983 2670 1066 2731 κρη-

62 2747 144 2811 πῖδα
158 2739 273 2834 κόκλφ
287 2746 363 2829 περί
375 2739 482 2827 αὐτὴν
498 2739 609 2827 ήλασε.
634 2742 742 2808 ἐποίεε
753 2742 789 2808 δὲ
800 2737 973 2827 ἀμφότερα
983 2746 1066 2806 ταῦ-

60 2866 112 2927 τα,
129 2839 190 2908 τόν
204 2865 240 2908 τε
252 2839 405 2924 ποταμόν
419 2839 557 2908 σκολιὸν
571 2843 625 2907 καί
640 2837 675 2906 τό
692 2837 824 2926 ὄρυγμα
836 2847 905 2906 πᾶν
920 2842 1003 2924 ἕλος,
1021 2837 1065 2917 ώς

62 2935 82 3005 ό
95 2963 132 3005 τε
144 2935 294 3022 ποταμός
307 2937 513 3025 βραδύτερος
526 2947 575 3022 είη
589 2940 666 3022 περί
677 2933 809 3022 καμπὰς
819 2932 944 3012 πολλάς
958 2931 1065 3020 άγνύ·

60 3058 173 3121 μενος,
187 3036 243 3102 καί
253 3038 288 3102 οί
298 3033 398 3102 πλόοι
409 3039 488 3102 έωσι
499 3036 627 3101 σκολιοὶ
641 3035 674 3111 ές
688 3029 749 3119 τήν
762 3037 961 3120 Βαβυλώνα,
980 3038 1016 3101 ἔκ
1031 3060 1065 3101 τε

60 3135 129 3197 τών
142 3128 259 3198 πλόων
273 3132 444 3216 ἐκδέκηται
459 3132 614 3217 περίοδος
628 3136 685 3215 τῆς
705 3134 823 3214 λίμνης
837 3129 956 3218 μακρή.
980 3131 1063 3199 κατά

59 3226 208 3294 τοῦτοδὲ
223 3225 387 3314 εἰργάζετο
402 3233 460 3312 τῆς
472 3224 602 3312 χώρης,
619 3233 658 3313 τῇ
673 3228 709 3292 αἵ
718 3250 754 3292 τε
767 3226 900 3312 έσβολαί
911 3218 997 3314 ήσαν
1009 3232 1063 3296 καί

60 3319 97 3390 τά
112 3321 266 3408 σύντομα
279 3329 338 3410 τῆς
353 3325 391 3392 έκ
405 3323 538 3411 Μήδων
553 3321 654 3410 ὁδοῦ,
676 3325 733 3391 ἵνα
749 3321 793 3410 μή
811 3325 1063 3410 ἐπιμισγόμενοι

58 3421 92 3486 ot
98 3422 218 3504 Μῆδοι
232 3419 480 3505 ἐκμανθάνοιεν
494 3418 595 3506 αὐτῆς
606 3418 646 3488 τά
658 3419 844 3507 πρήγματα.
877 3429 988 3488 Ταῦτα
1002 3423 1063 3507 μὲν
1080 3441 1132 3494 186

140 3527 243 3566 ιιεεον.
265 3513 284 3566 λ.
906 3520 922 3572 7
