2354 3840
322 192 407 246 LIB.
436 195 468 251 ΙΙ.
504 195 600 252 CAP.
635 201 807 256 161-167.
1003 196 1064 260 205

57 343 183 431 Αμάσι.
217 350 423 433 Πυθόμενος
435 350 470 416 δὲ
483 352 536 416 καὶ
557 357 657 418 ταῦτα
673 351 691 420 δ
706 350 841 440 Ἀπρίης
856 352 974 436 ὥπλιζε
990 354 1067 436 τούς
1085 373 1132 427 166

59 443 262 529 έπικούρους
273 442 354 514 καὶ’
337 444 464 532 ήλαυνε
476 449 528 514 ἐπὶ
538 446 617 527 τούς
629 455 842 534 Αἰγυπτίους.
868 450 932 538 εἶχε
944 455 980 520 δὲ
991 455 1066 534 περὶ

58 537 189 609 ἑωντδν
205 542 321 627 Κᾶράς
342 569 377 610 τε
398 543 475 611 καὶ
475 544 586 623 ’ίωνας
607 543 733 633 ἄνδρας
756 549 956 633 ἐπικούρους
972 569 1066 632 τρισ

58 631 264 725 μυρίους,
240 664 286 726 ην
311 643 408 708 δέί
373 646 408 708 οί
430 638 470 709 τά
490 641 647 730 βασιλήια
671 646 709 711 έν
730 645 799 712 Σάι·
818 645 913 731 πόλι,
937 645 1064 732 μεγάλα

59 737 160 804 έύντα
186 734 306 817 καλ’ξ
267 764 289 805 α
289 739 459 826 ξιοθή.ητα
493 744 605 809 καλ“
570 767 601 808 οι
623 768 659 809 τε
679 741 808 862 περὶ
774 770 834 810 τον
854 741 991 829 Ἀπρίην
1013 745 1065 811 ἐπὶ

59 831 139 914 τούς
153 836 397 919 Αίγυπτίους”
374 855 473 922 ηίσαν
489 840 544 907 καὶ
559 843 593 906 οί
606 838 730 925 περὶ
696 866 756 908 τον
763 840 905 927 Αμασιν
919 843 972 909 ἐπὶ
986 838 1064 920 τούς

60 937 199 1011 ξείνους.
234 939 271 1002 ἓν
290 961 326 1003 τε
347 933 387 1022 δή
406 938 580 1023 Μωμέμφι
596 939 675 1005 πόλι
693 940 847 1022 ἐγένοντο
869 936 1063 1026 ἀμφότεροι,

59 1030 116 1097 καὶ
130 1032 351 1118 πειρήσεσθαι
365 1039 505 1119 ἔμελλον
521 1033 685 1120 ἀλλήλων.

135 1127 227 1196 ’Ἐστι
244 1130 281 1197 δὲ
294 1136 489 1215 Αίγνπτίων
510 1129 592 1198 ἑπτά
608 1134 707 1217 γένεα
727 1137 783 1200 καί
802 1133 933 1200 τούτων
955 1137 989 1200 οί
1001 1136 1064 1218 μὲν
1081 1155 1131 1210 164

59 1231 162 1314 ἱρέες,
185 1231 219 1295 οί
238 1229 274 1295 δὲ
295 1229 430 1315 μάχιμοι
455 1237 643 1315 κεκλέαται,
665 1235 699 1297 οί
719 1232 756 1297 δὲ
775 1229 951 1316 βουκόλοι,
974 1234 1009 1296 οί
1027 1231 1064 1297 δὲ

59 1331 226 1412 συβῶται,
246 1329 281 1393 οί
299 1329 335 1394 δὲ
352 1328 512 1413 κάπηλοι,
535 1333 569 1394 oc
588 1329 627 1394 δὲ
648 1332 819 1414 ἑρμηνέες,
842 1333 875 1394 οί
889 1329 925 1394 δὲ
939 1335 1064 1413 κυβερ,

58 1428 165 1508 νήται.
188 1423 288 1506 μένεα
304 1424 366 1508 μὲν
375 1430 570 1509 Αἰγυπτίων
584 1430 728 1490 τοσαῦτα
740 1425 823 1508 ἐστὶ,
842 1421 1012 1509 οὐνόματα
1026 1425 1065 1491 δέ
1088 1492 1090 1508 ,

58 1543 121 1606 σφι
136 1521 243 1588 κέεται
255 1519 320 1590 άπδ
332 1531 400 1592 τῶν
413 1528 564 1611 τεχνέων.
587 1529 623 1592 οί
635 1523 671 1591 δὲ
687 1524 823 1609 μάχιμοι
838 1520 950 1590 αὐτῶν
964 1524 1063 1590 καλέ-

58 1645 154 1687 ονται
171 1621 233 1706 μέν
248 1629 446 1709 Καλασίριές
468 1649 504 1690 τε
521 1625 575 1690 καὶ
590 1621 818 1708 Ἑρμοτύβιες,
839 1623 875 1688 έκ
894 1627 1009 1705 νομῶν
1026 1621 1062 1687 δὲ

57 1723 165 1785 τῶνδε
186 1726 264 1787 εἰσί·
293 1718 376 1788 κατά
393 1719 458 1808 γάρ
475 1719 515 1806 δή
537 1719 663 1806 νομούς
676 1728 847 1805 Αἴγυπτος
861 1715 974 1784 άπασα
988 1721 1062 1783 δια-

58 1822 228 1902 ραίρηται·
245 1813 472 1906 Ἑρμοτυβίων
483 1821 546 1905 μὲν
557 1822 628 1886 οἵδε
646 1819 707 1886 είσλ
717 1822 831 1902 νομοί·
853 1821 1060 1899 Βουσιρίτης,
1078 1839 1128 1893 165

58 1919 200 1998 Σαΐτης,
221 1921 403 2002 Χεμμίτης,
426 1922 660 2002 Παπρημίτης,
688 1922 789 1998 νῆσος
809 1910 830 1999 ἡ
850 1919 1061 1998 Προσωπῖτις

57 2019 260 2101 καλεομένη,
281 2025 391 2086 Ναθῶ
408 2016 445 2086 τδ
462 2017 574 2104 ἥμισυ.
598 2021 634 2085 έκ
645 2016 707 2102 μέν
717 2015 848 2082 τούτων
863 2020 932 2081 τῶν
945 2018 1060 2096 νομῶν

54 2112 265 2202 Ἑρμοτύβιες
281 2121 352 2203 είσι,
370 2118 563 2204 γενόμενοι,
578 2115 635 2184 ὅτε
648 2116 700 2183 έπὶ
712 2119 885 2191 πλείστους
897 2111 1062 2195 ἐγένοντο,

57 2214 232 2280 ἑκκαίδεκα
252 2215 421 2299 μυριάδες.
451 2218 506 2283 καί
527 2215 657 2283 τούτων
674 2220 857 2300 βαναυσίης
879 2211 988 2288 οὐδεὶς
1005 2214 1061 2276 δε-

57 2306 162 2391 δάηκε
184 2304 301 2395 οὐδὲν,
324 2307 398 2378 ἀλλ’
421 2308 573 2378 άνείνται
598 2312 631 2388 ές
653 2308 691 2377 τδ
714 2311 867 2394 μάχιμον.
911 2317 1061 2375 Καλασι-
1078 2319 1126 2373 166

57 2413 142 2490 ρίων
158 2409 194 2472 δὲ
211 2409 282 2474 οἵδε
299 2406 394 2477 ἄλλοι
410 2417 554 2496 νομοίεί
554 2431 603 2478 σι·
637 2417 799 2494 Θηβαῖος,
821 2415 1058 2494 Βουβαστίτης,

52 2500 229 2590 Ἀφθίτης,
256 2512 411 2594 Τανίτης,
429 2509 639 2592 Μενδήσιος,
661 2503 889 2591 Σεβεννύτης,
908 2502 1058 2591 ’-Αθριβί

54 2626 130 2685 της,
163 2606 407 2692 Φαρβαιθίτης,
443 2611 625 2727 Θμουίτης,
654 2601 866 2688 Ὀνουφίτης,
896 2598 1057 2686 Ἀνύσιος,

59 2704 315 2816 Μυεκφορίτης·
339 2695 437 2783 οὗτος
464 2701 482 2772 6
508 2699 612 2788 νομὸς
636 2703 673 2768 έν
693 2700 784 2790 νήσφ
805 2687 921 2785 οἰκέει,
944 2696 1059 2767 ἀντίου

55 2795 262 2913 Βουβάστιος
278 2798 403 2879 πόλιος.
428 2792 522 2868 οὗτοι
539 2797 576 2866 δε
591 2801 624 2866 oc
639 2800 736 2883 νομοὶ
751 2751 1051 2880 Καλασιρίωνίί
986 2817 1036 2864 εσ

55 2893 251 2980 γενόμενοι,
271 2894 326 2964 ὅτε
337 2899 389 2966 έπλ
401 2907 575 2975 πλείστους
585 2899 757 2981 ἐγένοντο,
773 2896 871 2961 πέντε
886 2898 941 2961 καὶ
955 2903 1059 2960 είκοσι

55 2991 217 3080 μυριάδες
232 2990 376 3082 ἀνδρῶν.
403 2994 482 3065 ούδὲ
498 2995 646 3064 τούτοισι
660 2997 763 3073 ἔξεστι
779 2996 897 3078 τέχνην
915 2995 1059 3077 ἐπασκή-

55 3112 111 3159 σαι
128 3089 306 3182 ούδεμίαν,
327 3093 412 3166 άλλά
433 3092 473 3161 τά
491 3095 523 3173 ές
544 3093 692 3180 πόλεμον
717 3093 916 3160 ἐπασκέουσι
936 3094 1057 3177 μούνα,

52 3205 132 3269 παῖς
148 3189 239 3278 παρά
260 3193 385 3281 πατρὸς
401 3191 628 3279 ἐκδεκόμενος.
674 3198 717 3260 Ec
730 3193 791 3276 μέν
805 3216 872 3258 υνυ
887 3193 942 3257 καὶ
961 3197 1059 3257 τούτο
1077 3206 1123 3258 167

53 3285 135 3373 παρ’
152 3294 346 3374 Αἰγυπτίων
356 3292 570 3377 μεμαθήκασι
582 3296 617 3358 οί
626 3287 793 3374 Ἕλληνες,
808 3285 872 3354 ούκ
887 3293 949 3372 ἔχω
961 3282 1058 3371 άτρε-

52 3387 137 3462 κε’ως
152 3399 280 3474 κρίναι,
305 3387 412 3469 ὁρέων
426 3390 482 3456 καὶ
498 3390 645 3476 Θρήικας
666 3389 721 3454 καὶ
734 3387 877 3465 Σκύθας
898 3387 953 3453 καί
969 3388 1060 3472 Πέρ-

976 3604 981 3611 ,
1005 3494 1123 3601 U
