2354 3840
354 110 438 167 LIB.
470 111 490 167 1.
523 111 620 168 CAP.
653 115 792 170 70-73„
1034 106 1076 168 37

67 270 205 355 Πέρσας
218 265 316 351 ἄρξαι
334 268 467 355 Μήδων
482 268 657 355 κατήκοοι,
673 268 750 334 τότε
767 269 804 336 δὲ
818 269 947 353 Κύρου.
978 265 1077 355 δγάρ

68 359 175 450 οὖρος
186 358 233 453 ἦν
248 374 305 454 τῆς
319 393 355 434 τε
366 371 522 452 Μηδικῆς
535 364 637 454 ἀρχῆς
652 369 774 451 καὶτῆς
787 370 935 452 Λυδικῆς
948 364 1076 445 δ”Αλυς

67 460 238 550 ποταμός,
256 460 294 542 δς
306 466 374 549 ῥέει
386 466 419 544 έξ
432 462 609 550 ’Λρμενίου
623 461 741 547 οὔρεος
755 461 811 531 διά
822 471 982 551 Κιλίκων,
994 461 1076 551 μετά

8 584 10 589 ·
69 564 108 629 δέ
122 559 323 645 Ματιηνοὺς
341 562 404 647 μὲν
419 564 456 629 έν
471 565 561 650 δεξιῇ
575 567 640 646 ἔχει
656 564 759 647 ῥέων,
782 563 817 629 ἐκ
834 562 870 629 δὲ
885 569 945 629 τοῦ
961 565 1076 647 ἑτέρου

15 654 21 661 ’
69 657 228 743 Φρύγας,
259 661 549 749 παραμειβόμενος
576 658 612 728 δέ
636 660 777 738 τούτους
806 663 862 757 καὶ
889 662 976 745 ῥέων
1003 659 1075 728 άνω

8 840 11 845 ‚
64 762 155 847 πρός
178 763 302 852 βορέην
327 761 450 850 ἄνεμον
473 769 575 833 ένθεν
597 763 660 852 μέν
685 770 835 849 Συρίους
860 761 1014 853 ἀπέργει,
1039 767 1071 845 ἐξ

66 861 249 950 εὐωνύμου
264 862 303 931 δὲ
310 862 547 950 Παφλαγόνας.
582 863 670 932 οὕτω
684 857 701 932 ό
715 862 818 941 ’Ἅλυς
832 863 978 951 ποταμός
991 863 1072 933 άπο-

67 961 188 1049 τάμνει
204 960 327 1049 σχεδόν
344 962 453 1031 πάντα
470 968 527 1050 τῆς
542 960 654 1049 Ἀσίης
676 962 716 1031 τά
742 962 829 1031 κάτω
848 965 884 1031 εἰι
900 963 1072 1050 θαλάσσης

67 1068 129 1148 τῆς
155 1059 272 1130 άντίου
289 1061 434 1151 Κύπρου
461 1065 494 1141 ές
517 1062 577 1130 τόν
595 1062 757 1144 Εὔξεινον
774 1062 913 1131 πόντον·
944 1071 1012 1132 ἔστι
1035 1062 1073 1133 δδ

9 1216 14 1223 .
67 1158 182 1249 αύχην
198 1153 298 1240 ούτος
321 1168 379 1249 τῆς
401 1161 510 1249 χώρης
533 1162 655 1248 ταύτης
678 1161 823 1248 άπάσης·
858 1165 962 1248 μηκος
989 1160 1073 1230 ὁδοῦ

67 1258 206 1352 εύζοένμ
224 1259 324 1351 άνδρδ
342 1263 441 1331 πέντε
458 1257 576 1352 ἡμέραι
592 1260 854 1351 άμαισιμούνται.

147 1357 378 1447 Ἐστρατεύετο
406 1362 443 1430 δὲ
467 1362 485 1428 ὁ
504 1370 647 1445 Κροῖσος
673 1364 725 1431 ἐπὶ
750 1362 811 1448 τὴν
829 1371 1118 1484 Καππαδοκιήνῒθ

67 1462 223 1527 vavae*
191 1483 334 1544 εινεκεν,
355 1460 411 1526 καὶ
430 1466 492 1545 γῆς
506 1462 608 1550 ιμέρμ
623 1460 897 1547 προσκτησασθαι
912 1459 997 1547 πρός
1011 1488 1073 1548 την

15 1648 18 1653 Ι
68 1561 199 1625 έωυτοῦ
213 1571 336 1644 μοῖραν
349 1558 575 1644 βουλόμενος,
598 1560 654 1626 καὶ
667 1559 810 1644 μάλιστα
824 1568 870 1650 τῷ
886 1569 1072 1652 χρηστηρίῳ

10 1738 12 1743 Ι
67 1662 210 1732 πίσυνος
226 1651 290 1721 ἐάν
304 1658 407 1724 καλέ
373 1681 392 1722 τ
392 1662 530 1724 ίσασθαι
548 1658 677 1723 ἐθέλων
693 1652 779 1778 ὑπὲρ
797 1652 1073 1743 ἈστυάγεοςΚῦ-

68 1778 140 1838 ρον.
168 1749 349 1839 Ἀστυάγεα
362 1751 428 1840 γάρ
443 1750 503 1821 τόν
516 1753 749 1840 Κυαξάρεω,
732 1752 829 1821 εόντα
847 1760 996 1839 Κροίσου
1011 1753 1073 1840 μὲν

22 1904 34 1911 ..
67 1846 233 1938 γαμβρόν,
248 1850 428 1938 Μήδωνδέ
442 1853 590 1938 βασιλέα,
605 1847 749 1935 Κύρος’
734 1877 752 1918 ο
765 1850 956 1937 Καμβύσεω
971 1877 1074 1918 κατα-

10 1942 28 2065 ,ἶ
67 1949 296 2035 στρεψάμενος
322 1947 402 2035 εἶχε,
437 1949 623 2036 γενόμενον
655 1945 809 2035 γαμβρόν
835 1955 970 2040 Κροίσῳ
997 1942 1070 2018 ωδε.

11 2050 237 2147 ιςΣκυθέων
258 2054 327 2113 τῶν
348 2047 507 2132 νομάδων
527 2055 581 2131 ίλη
597 2043 733 2130 ἀνδρων
748 2045 954 2113 στασιάσασα
970 2045 1073 2127 ὑπεξ-

11 2128 153 2263 ἐξῆλθε
170 2143 206 2222 ’ές
227 2151 291 2230 γῆν
311 2170 373 2231 την
389 2144 567 2230 Μηδικην
597 2144 801 2228 ἐτυράννευε
821 2141 906 2210 δέ
872 2169 933 2211 τον
946 2145 1073 2233 χρόνον

68 2247 188 2310 τοῦτον
209 2241 342 2330 Μήδων
365 2238 586 2360 Κυμξάρης’
572 2267 591 2307 ο
617 2240 798 2327 Φραόρτεω
823 2249 884 2309 τοῦ
903 2243 1070 2329 Δηιόκεω,

66 2334 103 2418 δς
117 2335 197 2418 τούς
215 2339 356 2418 Σκύθας
369 2340 511 2417 τούτους
524 2364 561 2405 το
549 2336 641 2423 μὲν
655 2346 790 2424 πρῶτον
805 2354 954 2424 περιεῖπε
973 2335 1012 2408 εὖ
1028 2338 1072 2419 ὡς

11 2432 24 2503 Ε
66 2434 211 2514 έόντας
196 2438 320 2522 ικέτας,
338 2435 422 2505 ὥστε
437 2438 473 2504 δὲ
488 2439 564 2523 περὶ
579 2442 707 2504 πολλοῦ
723 2434 919 2524 ποιεύμενος
936 2436 1070 2527 αὐτούς,

11 2508 25 2561 ²
66 2532 187 2611 παῖδάς
212 2552 273 2618 σφι
298 2538 470 2619 παρέδωκε
498 2530 561 2620 τὴν
587 2533 745 2619 γλῶσσάν
763 2559 800 2602 τε
822 2536 984 2620 ἐκμαθεῖν
1015 2541 1071 2606 καὶ

65 2631 127 2722 τὴν
150 2636 270 2719 τέχνην
294 2640 361 2701 τῶν
385 2633 501 2713 τόξων.
533 2636 661 2724 χρόνον
681 2634 717 2703 δέ
737 2637 924 2720 γενομένου
937 2640 993 2704 καὶ
1006 2641 1071 2706 αίεδ

66 2733 271 2821 φοιτεόντων
286 2742 354 2802 των
367 2738 537 2803 Σκυθέων
552 2733 600 2804 ἐπ’
617 2733 726 2822 άμρην
744 2737 800 2802 καὶ
814 2741 882 2803 αίεί
895 2760 927 2801 τι
943 2736 1070 2821 φερόν-

49 2842 149 2916 των,
177 2839 238 2902 καί
261 2859 337 2900 κοτε
364 2833 542 2920 συνήνεικε
564 2836 652 2902 ἑλεῖν
673 2831 778 2918 σφέας
792 2836 914 2918 μηδέν·
946 2835 1070 2922 νοστή-

65 2953 188 3013 σαντας
208 2935 245 3001 δὲ
265 2929 389 3011 αὐτούς
409 2940 539 3019 κεινῇσι
557 2935 649 3018 χερσὶ
672 2930 690 3001 ὁ
711 2932 890 3021 Κυαξάρης
915 2925 973 3022 ·ἦν
991 2931 1068 3021 γάρ,

64 3031 110 3113 ὥς
125 3031 265 3117 διέδεξε,
289 3029 394 3118 ὀργὴν
410 3028 526 3117 ἄκρος·
548 3035 692 3119 τρηχέως
706 3031 812 3117 κάρτα
826 3034 983 3117 περιέσπε
999 3029 1070 3099 άει-

63 3136 147 3219 κείη.
178 3133 213 3198 οἱ
231 3129 268 3198 δε
282 3135 386 3196 ταῦτα
399 3126 483 3216 πρός
493 3130 678 3213 Κυαξάρεω
692 3128 870 3214 παθόντες,
885 3125 969 3195 ὥστε
984 3126 1070 3196 άνά-

63 3230 116 3308 ξια
131 3229 248 3313 σφέων
262 3223 375 3294 αὐτῶν
391 3226 617 3312 πεπονθότες,
634 3226 878 3310 ἐβουλεύσαντο
894 3230 963 3293 τῶν
976 3225 1067 3309 παρά

61 3331 163 3407 σφίσι
175 3327 425 3410 διδασκομένων
440 3329 571 3392 παίδων
586 3326 645 3391 ἕνα
661 3323 863 3407 κατακόψαι,
878 3320 1067 3389 σκευάσαν-
