2354 3840
336 196 420 252 ΗΒ.
452 197 473 253 1.
507 195 606 254 cn.
638 199 776 256 94-97.
1014 191 1056 254 53

56 354 113 420 καλ
140 347 219 431 τοδς
241 354 389 439 Πέρσας,
419 349 501 442 ὅτεῳ
528 351 641 440 τρόπμ
665 347 833 438 ἡγήσαντο
857 359 915 438 της
936 347 1053 438 Ἀσίης.

51 447 111 527 Ὡς
133 441 182 515 όν
195 450 353 536 Περσέων
375 450 575 541 μετεξέτεροι
593 449 727 535 λέγουσι
749 451 783 516 οί
796 444 840 534 μὴ
854 447 1055 536 βουλόμενοι

57 551 207 631 σεμνοῦν
221 542 261 613 τά
277 549 353 633 περὶ
369 550 497 636 Κῦρον,
526 543 609 613 ἀλλά
631 543 691 612 τόν
706 544 804 614 ἐόντα
819 546 927 630 λέγειν
942 545 1054 631 λόγον,

58 639 142 711 κατά
165 648 270 711 ταῦτα
294 643 430 730 γράψω,
452 643 667 731 ἐπιστάμενος
690 644 765 725 περὶ
782 642 900 725 Κόρου
917 644 971 710 καὶ
985 665 1058 729 τρι-

59 745 182 822 φασίας
196 738 297 818 άλλως
307 741 419 826 λόγων
433 738 533 820 ὁδοάς
547 748 661 827 φῆναι.
688 737 871 826 Ἀσσυρίων
885 737 1057 826 ἀρχόντων

59 845 115 924 τῆς
138 835 210 905 ἀνω
228 836 336 925 Ἀσίης
350 835 397 906 ἐπ’
414 843 486 907 ἐτεα
503 847 606 906 είκοσι
621 838 676 905 καί
690 836 907 920 πεντακόσια,
932 841 1057 922 πρῶτοι

58 930 111 1001 ἀπ’
135 931 248 1001 αὐτῶν
263 940 378 1023 Μῆδοι
398 933 540 1023 ἤρξαντο
557 933 777 1003 ἀπίστασθαι·
809 941 868 1002 καί
881 960 947 1012 κως
964 925 1058 1001 οὗτοι

58 1034 134 1119 περὶ
150 1040 209 1119 τῆς
230 1035 424 1121 ἐλευθερίης
437 1035 659 1121 μαχεσάμενοι
672 1048 757 1102 τοῖσι
770 1031 972 1118 Ἀσσυρίοισι
986 1031 1058 1116 ἐμέ-

60 1155 158 1198 νοντο
174 1127 294 1214 ἅνδρες
309 1128 449 1217 ἀγαθοί,
467 1133 522 1199 καί
537 1128 752 1218 ἀπωσάμενοι
769 1127 831 1216 τὴν
847 1127 1058 1215 δουλοσύνην

59 1223 355 1314 ἠλευθερώθησαν.
393 1227 474 1315 μετά
495 1228 531 1297 δέ
552 1229 692 1306 τούτους
715 1229 769 1296 καί
789 1227 829 1295 τά
853 1225 935 1296 ἀλλα
957 1235 1058 1295 ἔθνεα

59 1327 166 1393 ἐποίεε
193 1321 300 1393 τάντό
326 1341 411 1394 τοῖσι
432 1325 591 1412 Μήδοισι.
632 1322 774 1392 Ἐόντων
800 1324 835 1393 δέ
862 1321 1105 1409 αότονόμωνθδ

59 1419 196 1490 πάντων
211 1418 276 1490 ἀνά
299 1420 361 1510 την
374 1422 514 1510 ἤπειρον
548 1413 613 1490 άδε
628 1414 722 1500 αότις
737 1424 769 1499 ἐς
783 1426 984 1508 τυραννίδας
998 1446 1059 1488 πε-

59 1523 212 1607 ριῆλθον.
252 1516 337 1606 ἀνὴρ
363 1524 401 1588 ἐν
423 1536 508 1589 τοῖσι
532 1520 682 1606 Μήδοισι
707 1521 836 1605 ἐγένετο
863 1516 986 1604 σοφός,
1011 1523 1057 1607 τῷ

59 1613 188 1698 οὕνομα
210 1607 254 1702 ἦν
276 1618 441 1704 Δηιόκης,
466 1632 543 1696 παῖς
564 1616 600 1685 δέ
621 1609 665 1703 ἦν
688 1616 877 1703 Φραόρτεω.
919 1607 1056 1694 οὗτοςὸ

60 1714 207 1801 Δηιόκης
227 1718 380 1802 ἐρασθεὶς
396 1721 596 1805 τυραννίδος
617 1719 722 1786 ἐποίεε
747 1716 874 1786 τοιάδε·
903 1742 1059 1801 κατοικη·

56 1813 171 1896 μένων
193 1819 261 1880 τῶν
278 1813 410 1901 Μήδων
424 1812 512 1891 κατά,
522 1814 651 1901 κόμας,
674 1816 711 1882 ἐν
724 1821 763 1902 τῇ
781 1816 908 1882 ἑωυτοῦ
924 1810 989 1879 ἐάν
1004 1812 1059 1878 καί

55 1908 224 1994 πρότερον
245 1911 380 1998 δόκιμος
401 1915 455 1980 καί
476 1912 605 1998 μᾶλλόν
617 1914 718 1978 τεκαὶ
734 1908 991 1996 προθυμότερον
1008 1913 1060 1975 δι·

55 2007 246 2093 καιοσάνην
260 2012 458 2095 ἐπμθέμευος
474 2009 589 2097 ἤσκεε·
622 2012 676 2077 καὶ
693 2015 795 2076 ταῦτα
812 2010 925 2092 μέντοι
940 2006 1059 2090 ἐούσης

54 2103 198 2192 ἀνομίης
217 2116 340 2195 πολλῆς
364 2105 429 2177 ἀνά
446 2115 558 2177 πάσαν
578 2108 642 2196 τὴν
656 2104 817 2194 Μηδικὴν
840 2108 964 2191 ἐποίεε,
986 2106 1059 2171 ἐπι-

54 2201 238 2289 στάμενος,
264 2203 314 2274 ὅτι
337 2214 384 2298 τῷ
406 2211 522 2297 δικαίῳ
539 2205 576 2274 τό
599 2203 718 2273 ἀδικον
733 2203 893 2291 πολέμιόν
908 2208 985 2271 ἐστι.
1028 2205 1061 2267 οί

55 2299 85 2370 δ’
104 2303 142 2368 ἐκ
156 2306 214 2387 της
231 2299 333 2388 αὐτῆς
347 2301 461 2390 κόμης
472 2309 586 2390 Μῆδοι
603 2301 754 2389 ὁρέοντες
769 2299 874 2370 αὐτοῦ
888 2297 967 2378 τους
980 2295 1059 2384 τρό-

54 2424 143 2476 πους
172 2399 331 2487 δικαστήν
359 2428 418 2488 μιν
447 2405 581 2471 ἑωυτῶν
608 2403 769 2488 αίρίοντο.
812 2396 831 2469 ὁ
858 2398 893 2467 δέ
918 2394 976 2484 δὴ,
1006 2391 1059 2462 οἷα

54 2494 242 2583 μνεόμενος
263 2493 386 2585 ἀρχὴν,
414 2499 493 2578 ίθάς
515 2502 626 2567 τεκαὶ
648 2503 773 2576 δίκαιος
789 2489 842 2584 ἦν.
884 2497 1007 2561 ποιέων
1023 2516 1058 2559 τε

54 2600 161 2661 ταῦτα
188 2599 327 2663 ἔπαινον
354 2595 417 2682 εἶχε
441 2594 504 2665 οάιι
531 2594 646 2683 ὀλίγον
667 2594 750 2682 πρὸς
771 2601 841 2663 τάν
863 2594 1058 2680 πολιητέων,

56 2689 148 2784 οὕτω
170 2689 253 2759 ὥστε
280 2695 537 2782 πυνθανόμενοι
565 2700 599 2764 οί
622 2698 659 2764 ἐν
681 2701 756 2784 τῇσι
779 2692 897 2782 άλλησι
918 2691 1058 2780 κάμῃσι,

57 2785 103 2867 ὡς
118 2788 267 2876 Δηιόκης
287 2801 337 2877 εἴη
360 2788 445 2878 ἀνὴρ
466 2800 591 2880 μοῦνος
612 2789 695 2860 κατά
715 2787 753 2860 τό
776 2786 885 2878 όρθόν
905 2788 1058 2877 δικάζων,

58 2890 222 2976 πρότερον
239 2897 488 2976 περιπίπτοντες
505 2888 647 2960 ἀδίκοισι
663 2888 830 2979 γνάμησι,
847 2889 931 2975 τότε,
950 2893 1057 2959 ἐπείτε

58 2987 228 3076 ἥκουσαν,
269 2989 405 3077 ἅσμενοι
435 2991 584 3076 ἐφοίτεον
620 2986 709 3077 παρά
739 2988 799 3058 τόν
824 2987 969 3076 Δηιόκεα
1000 2989 1055 3057 καλ

56 3087 155 3156 αὐτοὶ
169 3089 405 3178 δικασόμενοι,
427 3095 521 3170 τέλος
538 3093 574 3160 δέ
592 3088 705 3160 οὐδενὶ
720 3085 808 3177 άλλη)
824 3087 1058 3173 ἐπετράποντο.

57 3195 210 3268 Πλεῦνος
226 3191 263 3258 δέ
277 3195 341 3261 αίελ
357 3194 539 3279 γινομένου
552 3198 614 3260 τοῦ
628 3189 891 3275 ἐπιφοιτέοντος,
906 3181 959 3254 οία
973 3211 1060 3254 πνυ-
1070 3205 1104 3261 97

57 3293 262 3375 θανομένων
279 3289 339 3371 τάς
360 3296 452 3370 δίκας
469 3289 668 3378 ἀποβαίνειν
682 3282 764 3357 κατά
780 3282 817 3354 τό
833 3287 907 3370 ἐόν,
924 3279 1060 3371 γνοάςό

57 3387 209 3473 Δηιόκης
226 3391 258 3466 ές
276 3387 402 3456 ἑωυτόν
417 3395 486 3456 πᾶν
509 3386 745 3474 ἀνακείμενον,
767 3381 844 3451 οὔτε
858 3386 999 3460 κατίζειν
1014 3383 1059 3444 ἔτι

1069 3580 1118 3605 fl
