2354 3840
324 168 421 264 m.
449 209 493 263 ιιι.
528 209 626 264 CAP.
660 214 799 270 ει-ει.
1007 208 1069 273 245

64 368 140 446 λέος
154 363 302 436 ἀκούειν.
350 371 462 433 Ταῦτα
477 374 629 444 είπαντος
641 367 859 453 Πρηξάσπεος
875 367 988 458 (ήρεσε
1002 366 1068 456 γάρ
1088 389 1124 443 63

64 465 246 555 Καμβύσῃ)
262 463 381 533 αὐτίκα
401 468 621 555 μεταδίωκτος
637 466 816 552 γενόμενος
838 465 977 555 ὁκήρυξ
991 458 1067 552 ἧκε·

64 559 252 648 ἀπιγμένον
267 566 306 631 δέ
316 587 376 648 μιν
390 571 496 649 είρετο
511 560 529 630 ὁ
541 561 744 649 Πρηξάσπης
754 563 849 632 τάδε-
872 563 1068 651 Ὦνθρωπε,

65 657 132 747 φής
143 655 210 745 γάρ
225 657 321 745 ήκειν
335 656 425 744 παρά
440 661 606 746 Σμέρδιος
620 666 681 726 τοῦ
696 660 816 745 Κύρου
831 658 978 747 ἀγγελος.
1002 669 1069 730 νῦν

65 751 114 826 ἀν
137 767 231 836 εἴπας
255 755 317 843 τήν
339 754 501 844 ἀλήθειαν
526 754 626 826 ἀπνθι
650 764 792 846 χαίρων,
821 759 941 849 κότερα
967 757 1069 839 αύτύς

63 881 114 924 τοι
126 857 272 943 Σμέρδις
287 854 491 941 φαινόμενος
505 857 538 934 ές
550 854 630 936 ὅφιν
645 858 830 924 ἐνετέλλετο
843 865 947 926 ταῦτα
961 854 984 945 ή
998 865 1067 926 τῶν

62 982 113 1033 τις
129 957 261 1023 ἐκείνου
278 952 478 1041 ὑπηρετέων.
518 951 555 1020 Ὁ
571 953 608 1021 δὲ
621 951 706 1022 εἶπε·
743 952 824 1041 Ἰθγά
838 959 989 1043 Σμέρδιν
1003 957 1066 1042 μὲν

62 1050 124 1121 τὸν
144 1053 280 1141 Κύρου,
302 1055 334 1134 ἐξ
354 1051 432 1120 ὅτευ
453 1048 610 1140 βασιλεύς
625 1053 810 1139 Καμβύσης
832 1051 935 1140 ήλασε
956 1057 988 1133 ἐς
1002 1063 1066 1122 Αί-

61 1173 207 1238 γυπτον,
229 1150 321 1219 ούκω
342 1149 477 1218 ὄπωπα·
500 1147 573 1217 ὁδέ
585 1174 642 1236 μοι
663 1150 786 1236 μάγος,
808 1148 868 1218 τδν
882 1150 1066 1237 Καμβύσης

62 1253 243 1336 ἐπίτροπον
255 1255 324 1317 τοῖιν
339 1254 454 1317 οἰκίων
470 1245 621 1333 ἀπέδεξε,
638 1240 735 1326 οὗτος
749 1254 853 1315 ταῦτα
870 1251 1063 1333 ἐνετείλατο,

62 1345 128 1433 φάς
149 1351 300 1436 Σμέρδιν
318 1343 379 1414 τδν
399 1347 520 1428 Κύρου
541 1343 625 1412 εἶναι
648 1342 710 1412 τδν
734 1351 838 1412 ταῦτα
863 1347 1065 1431 ἐπιθέμενον

62 1444 151 1514 εἶπαι
170 1443 254 1534 πρδς
273 1433 385 1532 ύμέας.
425 1442 463 1511 Ὁ
477 1443 540 1530 μὲν
554 1442 596 1530 δή
609 1462 671 1529 σφι
688 1448 779 1529 ἔλεγε
796 1441 898 1512 οὐδὲν
913 1446 1065 1511 ἐπικατε-

62 1545 264 1630 ψευσμένος,
296 1542 480 1630 Καμβύσης
500 1540 536 1608 δέ
558 1538 644 1608 εἷπε·
677 1540 893 1628 Πρήξασπες,
922 1538 966 1608 σδ
990 1543 1063 1627 μέν,

62 1637 113 1707 οἷα
129 1637 216 1728 ἀνήρ
233 1637 379 1727 ἀγαθὰς,
397 1639 537 1726 ποιήσας
550 1640 588 1706 τὸ
603 1638 826 1726 κελευόμενον
839 1646 949 1728 αίτίην
967 1641 1064 1706 ἐκπέ-

61 1765 205 1825 φευγας·
229 1743 300 1827 έμοί
317 1742 354 1808 δὲ
366 1746 415 1818 τίς
429 1735 472 1807 ἀν
487 1749 537 1825 είη
552 1744 710 1826 Περσέων
731 1737 749 1807 ὁ
771 1738 974 1817 έπανεστειδς
990 1741 1063 1807 έπι-

60 1836 214 1924 βατεύων
234 1845 295 1905 τοῦ
315 1842 479 1924 Σμέρδιος
500 1835 702 1922 ούνόματοςς
731 1835 767 1905 ‘0
795 1839 832 1904 δὲ
853 1836 938 1903 εἶπε·
979 1834 1062 1920 Ἐγώ

59 1957 116 2018 μοι
137 1937 244 2001 δοκέω
261 1937 413 2003 συνιέναι
436 1931 473 2000 τδ
499 1931 637 2019 γεγονὸς
652 1941 766 2019 τοῦτο,
795 1926 996 2020 ἀβασιλεύ·
1029 1938 1064 2001 οί

58 2032 161 2120 μάγοι
177 2038 243 2101 είσί
252 2060 304 2102 τοι
314 2038 349 2103 oc
357 2036 611 2119 ἐπανεστεῶτες,
625 2033 686 2100 τόν
698 2059 734 2100 τε
749 2039 857 2112 ἔλιπες
870 2031 1062 2119 μελεδωνὸν

58 2137 128 2198 τεόν
141 2134 273 2216 οἰκίων,
286 2137 486 2217 Πατιζείθης
500 2134 555 2198 καί
565 2127 584 2199 ὁ
594 2130 717 2198 τούτου
731 2130 893 2218 ἀδελφεὰς
903 2136 1059 2220 Σμέρδις.

56 2227 225 2296 Ἐνθαύτα
249 2224 441 2296 ἀκούσαντα
466 2228 650 2315 Καμβύσεα
676 2225 713 2295 τδ
740 2231 907 2316 Σμέρδι.ος
932 2230 1061 2318 ούνομα
1083 2245 1118 2300 64

60 2320 198 2410 έτυιγεή
220 2324 362 2413 ἀλήθεια
383 2334 451 2394 τῶν
470 2351 506 2394 τε
529 2325 640 2412 λόγων
659 2329 714 2395 καὶ
734 2335 796 2394 τοῦ
816 2331 995 2415 ἐνυπνίου,
1023 2329 1059 2408 ὃς

59 2426 173 2495 ἐδόκεε
188 2428 226 2493 ἐν
239 2431 285 2516 τῷ
300 2424 396 2516 ύπνφ
410 2424 610 2513 ἀπαγγεῖλαί
619 2424 695 2493 τινά
710 2431 758 2512 oc,
776 2423 820 2505 ὡς
832 2432 979 2514 Σμέρδις
992 2431 1061 2510 ίζό-

58 2548 160 2601 ιιενος
175 2524 207 2601 ές
222 2522 282 2590 τὸν
296 2525 471 2612 βασιλήιον
487 2523 619 2610 θρόνον
639 2522 779 2604 ψαύσειε
793 2532 833 2613 πή
853 2534 982 2612 κεφαλῇ
998 2535 1060 2594 τοῦ

57 2618 218 2704 ούρανοῦ.
251 2619 374 2705 μαθων
398 2621 451 2708 δὲ,
484 2618 528 2700 ὡς
552 2621 662 2708 μάτην
681 2618 900 2701 ἀπολωλεκῶς
926 2633 975 2710 είη
999 2621 1060 2692 τὸν

57 2714 236 2803 ἀδελφεὸν,
248 2715 405 2787 ἀπέκλαιε
418 2723 585 2808 Σμέρδιν,
600 2715 814 2798 ἀποκλαύσας
828 2723 865 2788 δὲ
879 2723 934 2790 καὶ
944 2747 1062 2809 περιη-

56 2813 222 2899 μεκτήσας
241 2821 281 2902 τῇ
301 2812 414 2906 ἁπάση
438 2824 596 2907 συμφορῇ
615 2814 831 2906 ἀναθρώσκει
855 2820 908 2887 ἐπὶ
929 2816 989 2886 τδν
1003 2822 1061 2886 ἳπ-

56 2935 141 2996 πον,
163 2913 200 2978 ἐν
214 2912 284 3004 νόφ
299 2919 383 3001 έχων
397 2912 459 3002 τήν
472 2922 627 3003 ταχίστην
643 2917 676 2994 ές
686 2923 803 2983 Σοῦσα
819 2914 1060 2998 στρατεύεσθαι
1110 2921 1113 2928 ’

47 3011 112 3076 Ιἐπὶ
126 3006 187 3076 τδν
203 3010 322 3097 μα’γον.
345 3019 404 3080 καί
420 3018 455 3081 οί
468 3010 725 3100 ἀναθρώσκοντι
739 3015 792 3080 ἐπὶ
805 3009 865 3079 τὸν
880 3014 985 3078 ἵππου
999 3017 1060 3079 τοῦ

56 3114 202 3175 κουλεού
222 3114 284 3176 τού
305 3111 417 3194 ξίφεος
440 3108 459 3179 ὁ
480 3112 588 3199 μύκης
608 3109 803 3195 ἀποπίπτει,
823 3112 1006 3195 γυμνωθὲν
1024 3111 1061 3178 δὲ

54 3203 94 3274 τὸ
110 3211 206 3292 ξίφος
219 3213 309 3275 παίει
322 3204 384 3274 τὸν
397 3209 522 3297 μηρόν·
544 3210 785 3297 τρωματισθεὶς
801 3210 838 3275 δὲ
851 3205 935 3275 κατά
949 3214 1060 3293 τοῦτο,

49 3311 87 3397 τῇ
127 3300 229 3382 αύτδς
253 3305 419 3392 πρότερον
449 3311 510 3376 τὸν
540 3315 609 3375 τῶν
632 3311 839 3393 Αἰγυπτίων.
856 3306 942 3376 θεὸν
964 3299 1062 3377 ςΑπιν

49 3406 192 3489 ἔπληξε,
217 3401 263 3480 ἀς
277 3407 311 3472 οί
323 3411 436 3494 καιρίη
451 3409 543 3486 ἔδοξε
557 3406 740 3492 τετύφθαι,
763 3412 869 3492 εἴρετο
885 3401 902 3472 ὁ
919 3405 1062 3493 Καμβύ-
