2354 3840
142 188 202 250 164
513 186 760 245 HERODOTI

139 348 292 434 λίμνην’
275 373 311 413 εκ
331 351 392 412 τοῦ
409 352 559 431 ποταμοῦ
576 343 660 430 πρός
676 348 800 433 βορέην
815 372 849 413 τε
870 348 1029 437 καὶπρὸς
1047 352 1131 421 ἐσπί-

138 470 201 532 ρην
213 439 264 532 (τό
276 439 340 529 γὰρ
353 438 437 528 πρὸς
447 440 509 528 την
522 437 572 562 66
583 440 684 521 αὐτὸς
698 470 715 511 ο
703 439 849 523 ‘Nenos
863 441 1031 566 ἀπέργει),
1044 456 1130 517 τοῦτο

138 543 173 610 δέ
189 549 247 609 τοῦ
263 538 496 626 Ἡφαίστου
463 566 499 607 το
517 537 592 627 ίρδν
608 538 811 624 ίδρῦσασδαι
825 539 920 609 ἐν’
878 550 974 633 αυτῇ,
991 541 1050 613 ίδν
1059 546 1130 631 μέγα

71 662 121 716 100
138 667 173 710 τε
188 644 242 709 καί
256 637 569 724 ἀξιαπηγητότατον.
615 636 712 706 Μετὰ
731 637 766 706 δέ
781 646 902 707 τοῦτον
916 642 1129 728 κατέλεγονοί

137 743 222 826 ίρέες
237 741 272 805 ἐκ
286 744 404 824 βίβλον
419 734 531 804 ἀλλων
545 737 710 823 βασιλέων
724 742 923 823 τριηκοσίων
934 762 971 805 τε
981 741 1039 808 καί
1048 736 1125 827 τριό-

137 864 239 907 κοντα
261 834 440 921 οὐνόματα.
478 838 514 903 έν
536 834 714 923 τοσαύτῃσι
736 834 771 902 δὲ
792 842 925 925 γενεῇσι
947 832 1146 959 ἀνθρώπων.

137 932 361 1001 ὀκτωκαίδεκα
375 935 437 1018 μέν
451 925 649 1010 Αἰθίοπες
628 950 731 1017 ησαν,
753 939 812 1018 μια
824 932 860 1001 δ
870 960 959 1022 γννη
947 932 1123 1021 ἐπιχωρίη,

137 1035 170 1098 οί
184 1031 219 1097 66
237 1028 332 1097 ἀλλοι
347 1028 466 1116 ἀνδρες
476 1031 664 1115 Αἰγύπτιοι.
691 1057 730 1118 τη
716 1028 985 1116 δέγνναικὶ”
941 1058 1070 1121 ουνομα
1081 1026 1123 1129 ἦν,

137 1126 207 1214 ἥτις
230 1129 437 1213 ἐβασίλευσε,
472 1126 573 1215 τόπερ
614 1133 653 1214 τῇ
672 1134 888 1216 Βαβυλωνίη,
916 1135 1122 1215 Νίτωκρις.

136 1223 197 1312 τὴν
213 1232 328 1311 ἔλεγον
344 1225 573 1310 τιμωρέουσαν
588 1220 755 1313 ἀδελφεῷ,
777 1220 838 1292 τόν
847 1224 1030 1312 Αίγύπτιον
1042 1233 1123 1314 666-

135 1321 277 1391 λεύοντα
309 1317 466 1406 σφέων’
448 1322 664 1405 απέκτειναν,
696 1317 951 1403 ἀποκτείναντες
982 1326 1020 1393 δδ
1050 1322 1123 1393 οῦτω

136 1423 246 1507 ἐκείνη
271 1417 439 1487 ἀπέδοσαν
463 1415 524 1504 την
548 1422 743 1504 βασιληίην,
776 1416 884 1509 τοῦτησ
907 1424 1122 1508 τιμωρέουσαν

136 1514 281 1593 πολλοῦς
292 1521 485 1600 Αἰγυπτίων
497 1519 691 1600 διαφθεῖραι
707 1512 802 1604 δόλῳ.
829 1517 1058 1604 ποιησαμένην
1070 1516 1122 1603 γόρ

136 1641 194 1700 μιν
209 1622 330 1698 οίκημα
344 1617 521 1699 περίμηκες
535 1607 702 1695 ὑπόγαιον
718 1616 859 1678 καινοῦν
871 1619 917 1702 τῷ
938 1611 1045 1705 λόγῳ,
1067 1612 1122 1703 νόηι

136 1713 172 1779 δέ
189 1709 271 1777 ἀλλα
287 1716 515 1795 μηχανᾶσθαι·
540 1710 727 1778 καλέσασαν
740 1709 779 1776 δέ
784 1732 843 1794 μιν
855 1709 1123 1795 Αίγυπτίωντοάς

136 1810 277 1895 μάλιστα
303 1813 488 1893 μεταιτίους
512 1812 572 1873 τοῦ
583 1805 695 1892 φόνου
719 1803 811 1892 ᾔδεε,
845 1804 992 1886 πολλοῦς
1017 1810 1122 1891 ίστιᾶν,

138 1908 367 1991 δαινυμένοισι
385 1904 420 1971 δέ
442 1905 567 1971 έπεῖναι
583 1900 643 1970 τόν
659 1897 809 1986 ποταμόν
824 1897 869 1967 δι’
886 1898 1039 1983 αὐλῶνος
1052 1928 1123 1989 κρο-

137 2009 221 2069 πτοῦ
236 2000 393 2086 μεγάλου.
421 2000 541 2084 ταύτης
558 1997 619 2084 μέν
634 1999 709 2085 πέρι
730 2002 873 2064 τοσαῦτα
888 2002 1023 2085 ἔλεγον,
1048 1998 1122 2087 πλὴν

136 2098 187 2164 ότι
210 2095 316 2183 αῦτήν
340 2121 415 2181 μιν,
444 2093 488 2172 ὦς
507 2100 605 2161 τοῦτο
631 2095 940 2182 ἐξέργαστο,’ρίψαι
961 2098 995 2173 ές
1015 2106 1122 2183 οἴκημα

71 2196 116 2249 101
136 2197 263 2261 σποδοῦ
280 2193 391 2276 πλέον,
407 2189 493 2269 όκως
504 2189 707 2278 ἀτιμώρητος
717 2191 861 2277 γένηται.
889 2197 965 2259 Τῦν
977 2194 1015 2263 δδ
1025 2192 1123 2263 ἀλλων

135 2292 316 2376 βασιλέων,
344 2286 386 2356 οῦ
409 2285 474 2375 γάρ
503 2294 617 2373 ἔλεγον
643 2285 804 2374 οὐδεμίαν
830 2294 939 2375 ἔργων
966 2288 1122 2377 ἀπόδεξιν,

134 2386 208 2454 κατ’
226 2385 327 2454 οῦδὲ-ν
344 2383 428 2453 εἶναι
447 2385 691 2472 λαμπρότητος,
716 2382 804 2470 πλὴν
819 2382 894 2465 ένδς
913 2394 975 2455 τοῦ
996 2388 1122 2477 έσχάτοο

136 2482 247 2563 αὐτῶν
268 2490 310 2550 Μ
314 2488 457 2570 οίριος.
496 2488 616 2549 τοῦτον
633 2482 669 2548 δὲ
690 2478 916 2565 ἀποδέξασθαι
935 2487 1123 2573 μνημόσυνα
1163 2502 1169 2555 ἰ

136 2587 195 2648 τοῦ
203 2578 388 2663 Ἡφαίστου
403 2576 443 2646 τά
458 2576 542 2664 πρός
555 2580 679 2665 βορέην
694 2576 820 2663 ἀνεμον
830 2585 1037 2668 τετραμμένα
1049 2606 1124 2671 προ·
1161 2568 1169 2591 ’

134 2676 276 2759 πόλαια,
301 2682 422 2761 λίμνην
445 2702 480 2743 τε
504 2673 637 2761 όρῦξαι,
662 2682 718 2761 τῆς
740 2673 760 2760 6
782 2698 844 2761 περ
845 2676 978 2755 ίοδος”
956 2697 1051 2749 οσων
1066 2682 1124 2749 ἐστὶ

134 2768 314 2839 σταδίων
298 2769 439 2855 ν’στερον
449 2772 609 2889 δηλωσω,
635 2776 823 2895 πυραμίδας
837 2797 871 2840 τε
892 2774 985 2842 ἐν’
943 2785 1028 2867 αντῇ
1044 2784 1129 2847 olno-

135 2872 293 2954 δομῆσαι,
320 2873 387 2934 τῶν
404 2874 464 2934 τοῦ
485 2868 651 2954 μεγάθεος
671 2870 746 2955 πέρι
767 2866 853 2955 ὁμοῦ
870 2867 954 2961 αὐτῇ
974 2880 1016 2963 τῇ
1035 2880 1125 2965 λίμνη

134 2963 364 3050 ἐπιμνήσομαι
389 2970 509 3032 τοῦτον
523 2965 585 3051 μέν
599 2973 743 3034 τοσαῦτα
757 2963 1001 3059 ἀποδέξασθαι,
1015 2980 1082 3041 τ’ων
1094 2972 1126 3041 6

68 3082 116 3135 ιον
132 3065 244 3134 ἀλλων
259 3061 382 3132 οὐδένα
397 3063 506 3133 οὐδέν
537 3060 881 3154 Παραμειψόμενος
854 3093 903 3136 ων
917 3067 1058 3149 τούτους
1071 3076 1126 3139 τοῦ

135 3165 187 3230 έπί
211 3161 359 3229 τούτοισι
383 3164 567 3250 γενομένου
590 3169 759 3252 βασιλέος,
782 3172 827 3254 τῷ
849 3164 978 3253 οῦνομα
1001 3160 1045 3257 ἦν
1059 3171 1126 3238 Σέ-

135 3278 329 3345 σωστρις,
356 3260 478 3328 τοῦτου
501 3260 636 3348 μνήμην
662 3261 851 3349 ποιήσομαι.
880 3261 941 3332 τόν
961 3266 1128 3353 έλεγονοί

135 3361 219 3442 ίρέες
235 3364 367 3443 πρῶτον
387 3360 448 3441 μέν
468 3365 612 3429 πλοίοισι
634 3373 787 3444 μακροῖσι
809 3357 1001 3447 ὁρμηθέντα
1018 3364 1054 3431 έν
1070 3366 1126 3429 τοῦ
