2354 3840
136 182 199 244 292
509 186 763 244 HERODOTI

137 340 175 410 τό
191 339 223 410 δ’
241 345 402 411 ἐνθεῦτεν
417 345 494 429 ἐμοί
505 370 542 411 τε
556 346 611 410 καὶ
623 347 769 433 Πέρσησι
782 342 918 430 μελήσει
932 341 973 410 τά
985 347 1039 413 δελ
1050 348 1139 411 ποτέ·

72 469 122 523 ιεε
139 471 200 513 ειν.
248 450 360 510 Ταῦτα
382 441 613 530 ἐντειλάμενος
626 444 678 530 ἤιε
700 449 753 515 ἐπὶ
768 443 828 523 τάς
842 443 968 529 πάλας,
991 447 1138 527 ἐπιστρε·

139 541 286 628 φάμενος
304 538 348 618 ώς
369 538 410 627 δὴ
436 539 588 627 ἀληθέως
608 540 801 629 αὐτόμολος.
835 539 989 627 ὁρέοντες
1018 541 1055 607 δέ
1075 534 1137 607 ἀπό

137 647 206 708 τών
221 639 362 725 πύργων
377 643 412 704 οί
419 636 503 706 κατά
517 647 615 708 τοῦτο
627 645 821 727 τεταγμένοι
831 640 1029 724 κατέτρεχον
1040 634 1137 720 κάτω,

138 740 194 806 καὶ
208 734 323 820 ὀλίγον
333 763 365 804 τι
376 745 640 824 παρακλίναντες
649 736 712 824 την
723 741 838 822 ἑτέρην
849 735 962 820 πάλην
973 734 1137 820 εἰρώτευν,

137 844 185 916 τίς
200 863 235 903 τε
251 845 300 921 είη
316 838 372 903 καλ
387 834 466 904 ὅτευ
480 838 639 923 δεόμενος
654 835 740 923 ἥκοι.
763 832 782 903 δ
799 837 838 901 δέ
849 855 911 919 σφι
924 829 1081 920 ἠγόρευε,
1099 827 1138 908 ἀς

138 944 188 1019 εἴη
205 959 240 999 τε
254 932 417 1016 Ζώπυρος
431 937 486 1002 καί
500 932 696 1020 αὐτομολέοι
707 935 740 1011 ἐς
751 936 908 1009 ἐκείνους.
931 923 1019 1015 ἦγον
1030 929 1074 1017 δή
1084 955 1138 1014 μιν

138 1037 172 1099 οί
185 1034 359 1115 πυλουροί,
373 1039 480 1099 ταῦτα
499 1030 543 1111 ὡς
559 1031 726 1118 ἥκουσαν,
752 1032 804 1098 ἐπὶ
819 1026 859 1097 τά
875 1025 973 1096 κοινά
989 1035 1059 1095 τών
1073 1037 1137 1097 Βα-

138 1136 331 1217 βυλωνίων·
355 1127 518 1208 καταστάς
532 1132 568 1196 δέ
580 1127 632 1195 ἐπ’
646 1126 731 1196 αὐτά
743 1130 973 1210 κατοικτίζετο,
992 1122 1061 1209 φὰς
1075 1121 1136 1192 ὑπὸ

138 1233 287 1312 Δαρείου
299 1232 507 1295 πεπονθέναι
518 1229 558 1295 τά
577 1225 747 1295 πεπόνθεε
770 1222 830 1294 ὑπ’
844 1227 983 1308 ἑωυτοῦ,
1013 1231 1136 1290 παθεῖν

138 1327 175 1390 δὲ
191 1329 311 1407 ταῦτα,
328 1319 411 1390 διότι
423 1324 674 1410 συμβουλεύσω
684 1329 719 1390 οί
730 1320 954 1390 ἀπανιστάναι
964 1319 1029 1408 την
1040 1343 1137 1405 στρα-

137 1421 228 1506 τιη’ν,
250 1422 357 1486 ἐπείτε
383 1417 493 1498 οὐδεὶς
507 1423 612 1507 πόρος
627 1423 781 1507 ἐφαίνετο
799 1428 856 1506 τῆς
872 1416 1025 1496 ἀλώσιος.
1063 1424 1136 1486 Νῦν

137 1544 190 1601 τε,
212 1522 276 1601 έφη
298 1519 421 1601 λέγων,
444 1514 509 1602 ἐγώ
530 1513 628 1603 ὑμῖν,
653 1510 680 1584 ώ
699 1517 930 1603 Βαβυλώνιοι,
951 1513 1025 1602 ἥκω
1047 1518 1136 1601 μέγι·

139 1635 219 1682 στον
234 1610 383 1700 ἀγαθὸν,
405 1622 539 1704 Δαρείῳ
562 1616 597 1681 δὲ
620 1618 675 1683 καλ
696 1623 832 1702 στρατιῇ
846 1617 902 1682 καὶ
914 1618 1066 1702 Πέρσησι
1082 1614 1132 1700 μέ-

139 1733 253 1800 γιστον
265 1712 386 1836 κακόγ·
409 1710 450 1778 οὐ
462 1709 526 1797 γάρ
539 1710 579 1799 δη
591 1715 650 1798 ἐμέ
657 1740 696 1798 γε
712 1705 776 1780 ώδε
788 1713 1027 1832 λωβησάμενος
1039 1740 1132 1781 κατα-

74 1931 120 1984 157
135 1837 384 1998 βουλευμάτων.
413 1915 557 1975 Τοιαυτα
569 1915 670 1993 ἐλεγε
697 1914 740 1975 Oi
750 1911 786 1974 δε
795 1905 1038 1994 Βαβυλώνιοι
1023 1910 1133 1993 ορεον
1169 1914 1173 1969 i

136 2033 189 2084 τες
211 2005 318 2086 ἀνδρα
341 2011 409 2071 τών
430 2006 467 2071 ἐν
486 2008 634 2092 Πέρσησι
656 2005 884 2128 δοκιμώτατον
908 2004 1004 2090 ῥινός
1026 2031 1062 2072 τε
1085 2031 1133 2072 και

138 2103 232 2170 ώτων
250 2105 468 2186 ἐστερημένον
485 2101 618 2185 μάστιξί
636 2127 672 2168 τε
690 2102 745 2168 καὶ
767 2103 880 2184 αἵματι
901 2096 1173 2222 ἀναπεφυρμέ,

138 2224 216 2282 ιον,
238 2196 347 2282 πάγχυ
359 2200 550 2276 ἐλπίσαντες
561 2201 670 2282 λέγειν
685 2225 744 2283 μιν
755 2194 883 2283 ἀληθέα
897 2206 957 2266 καί
968 2220 1031 2284 σφι
1044 2192 1173 2286 ἥκεινῑ

138 2296 311 2381 σύμμαχον
323 2295 592 2379 ἐπιτρέπεσθαι
575 2310 698 2382 ετοιμοι
707 2289 796 2381 ἦσαν
807 2303 876 2362 τῶν
886 2299 994 2364 ἐδέετο
1010 2301 1173 2383 σφέων

138 2399 245 2464 ἐδέετο
261 2393 297 2461 δε
313 2401 475 2480 στρατιῆς.
498 2423 516 2461 ο
504 2392 569 2462 δὲ
590 2394 697 2461 ἐπείτε
720 2392 833 2461 αὐτῶν
847 2401 945 2461 τοῦτο
960 2400 1132 2483 παρέλαβε,
1169 2378 1173 2439 ³·

138 2500 245 2563 έποίεε
275 2491 380 2582 τάπερ
411 2500 457 2582 τῳ
471 2501 605 2582 Δαρείῳ
621 2493 852 2580 συνεθήκατο·
880 2491 1054 2578 ἐξαγαγών
1075 2491 1133 2579 γάρ

137 2602 176 2682 τῇ
199 2593 321 2679 δεκάτη
342 2589 449 2678 ἡμέρη
473 2590 535 2677 τὴν
559 2590 717 2678 στρατιην
741 2598 810 2658 τών
829 2598 1060 2677 Βαβυλωνίων
1086 2594 1134 2659 καὶ

137 2688 395 2773 κυκλωσάμενος
416 2687 495 2766 τοὺς
514 2696 658 2774 χιλίους,
680 2686 759 2766 τούς
779 2688 933 2773 πρώτους
956 2691 1133 2757 ἐνετείλατο

137 2792 271 2875 Δαρείῳ
287 2785 397 2871 τάξαι,
419 2783 559 2862 τούτους
576 2785 811 2869 κατεφόνευσε.
841 2778 1011 2871 μαθόντες
1030 2788 1070 2854 δέ
1082 2811 1134 2872 μιν

138 2893 172 2955 οἱ
185 2883 399 2972 Βαβυλώνιοι
421 2897 506 2951 τοῖσι
527 2889 619 2950 ἔπεσι
637 2881 677 2950 τά
695 2890 774 2970 ἔργα
790 2884 1020 2970 παρεχόμενον
1030 2880 1134 2971 ὁμοῖα,

138 2988 247 3072 πάγχυ
269 2985 458 3068 περιχαρέες
478 2981 589 3060 ἐόντες
609 2989 678 3049 πᾶν
695 2981 736 3069 δη
759 2986 882 3070 ἑτοῖμοι
900 2977 990 3068 ἦσαν
1012 2979 1133 3068 ὑπηρε-

137 3087 233 3151 τέειν.
256 3079 274 3148 ὁ
293 3083 329 3147 δέ
345 3077 509 3147 διαλιπών
523 3077 648 3167 ἡμέρας
662 3080 721 3160 τὰς
731 3084 951 3167 συγκειμένας
961 3074 1058 3160 αὖτις
1069 3083 1131 3148 ἐπι-

137 3179 315 3263 λεξάμενος
338 3185 405 3243 τῶν
428 3185 655 3265 Βαβυλωνίων
677 3180 814 3267 ἐξήγαγε
836 3183 890 3246 καὶ
912 3179 1133 3263 κατεφόνευσε

136 3282 205 3342 τών
219 3282 369 3360 Δαρείου
385 3278 611 3362 στρατιωτέων
634 3276 713 3354 τούς
735 3281 924 3362 δισχιλίους.
958 3275 1087 3355 ἰδόντες
1103 3273 1132 3342 δέ

137 3373 191 3438 καλ
203 3377 300 3438 τοῦτο
312 3369 349 3437 τὸ
362 3378 462 3457 ἔργον
474 3377 508 3440 οί
512 3373 726 3459 Βαβυλώνιοι
737 3375 860 3451 πάντες
871 3373 1040 3456 Ζώπυρον
1052 3373 1132 3459 εἶχον
