2354 3840
128 190 187 253 188
503 195 752 253 HERODOTI

125 348 166 416 οὐ
186 359 433 438 συμμίσγουσαι
454 349 633 440 ἀλλήλῃσι,
665 348 739 420 ἀλλ’
763 351 838 440 ἀχρι
858 360 917 438 τής
932 354 1055 423 ἐσόδου
1067 357 1129 422 τοῦ

123 456 201 539 ίροῦ
221 455 357 541 ἑκατέρη
379 454 498 539 ἐσέχει,
525 450 547 539 ἡ
568 452 631 538 μέν
651 458 692 540 τῇ
711 455 952 541 περιρρέουσα,
977 449 1057 540 ήδδ
1077 456 1128 541 τῇ,

124 545 223 640 εόρος
248 553 350 619 ἐοῦσα
376 554 513 638 ἑκατέρη
539 549 659 619 ἑκατόν
683 555 814 634 ποδῶν,
847 556 1000 635 δένδρεσι
1025 549 1128 619 κατύ-

123 673 224 731 σκιος.
268 649 310 718 τά
327 651 362 719 δέ
377 652 570 738 προπύλαια
584 650 671 734 ύψος
686 652 749 738 μέν
768 655 849 721 δέκα
865 650 1035 741 ὀργυιέων
1047 653 1127 736 ἐστὶ,

122 752 257 827 τύποισι
279 753 316 818 δέ
336 751 509 838 ἑξαπήχεσι
540 751 736 822 ἐσκεύασται
770 745 891 831 ἀξίοισι
910 751 1026 836 λόγου.
1069 747 1127 819 έδν

123 846 153 917 δ’
177 852 214 917 ἐν
234 851 317 937 μέση
337 854 377 938 τῇ
399 850 479 918 πόλι
499 846 536 916 τό
558 846 635 936 ίρόν
648 855 828 937 κατορᾶται
842 850 1017 919 πάντοθεν
1031 873 1125 936 περι-

122 947 225 1018 ιόντι·
248 944 306 1014 ἀτε
318 945 384 1033 γάρ
397 955 457 1035 τῆς
471 947 588 1025 πόλιος
602 947 665 1032 μὲν
679 948 926 1033 ἐκκεχωσμένης
940 945 1044 1033 ὑψοῦ,
1065 952 1126 1013 τοῦ

122 1041 154 1113 δ’
177 1049 255 1132 ίροῦ
276 1041 317 1112 ού
337 1047 560 1132 κεκινημένου
575 1041 620 1124 ὡς
634 1043 784 1132 ἀρχῆθεν
798 1046 960 1133 ἐποιήθη,
981 1045 1126 1114 ἐσοπτόν

121 1144 198 1210 ἐστι.
242 1147 391 1231 περιθέει
409 1143 441 1211 δ’
459 1141 540 1211 αύτό
556 1141 692 1228 αἰμασιή
709 1144 957 1230 ἐγγεγλυμμένη
971 1143 1123 1210 τύποισι·

121 1245 189 1308 ἐστι
211 1238 242 1306 δ’
266 1245 397 1309 ἔσωθεν
417 1239 518 1320 ἀλσος
539 1244 707 1328 δενδρέων
728 1247 893 1327 μεγίστων
913 1245 1124 1329 πεφυτευμέ

120 1365 182 1406 νον
202 1344 278 1426 περὶ
292 1337 378 1426 νηόν
391 1345 514 1428 μέγαν,
536 1343 573 1408 έν
585 1345 632 1431 τῷ
647 1337 686 1427 δή
703 1336 860 1425 τῶγαλμα
875 1346 943 1408 ένι·
973 1333 1074 1427 εύρος
1088 1343 1123 1406 δὲ

120 1441 175 1528 καί
195 1443 299 1523 μῆκος
319 1445 380 1505 τοῦ
400 1444 477 1525 ίροῦ
497 1440 608 1526 πάντη
628 1441 766 1506 σταδίου
781 1441 858 1506 ἐστί.
902 1437 985 1507 κατά
1000 1441 1065 1525 μὲν
1080 1436 1119 1522 δή

119 1532 181 1620 τήν
205 1537 324 1601 ἔσοδον
349 1537 539 1622 ἐστρωμένη
564 1538 632 1605 έστί
659 1534 738 1615 ὁδός
760 1544 864 1606 λίθου
887 1540 941 1606 έπί
965 1542 1121 1616 σταδίους

119 1646 207 1719 τρεῖς
227 1632 370 1718 μάλιστά
390 1661 449 1722 κη,
472 1632 527 1702 διά
544 1641 602 1721 τῆς
623 1632 747 1722 ἀγορής
768 1641 920 1723 φέρουσα
937 1637 970 1715 ές
983 1634 1022 1703 τό
1038 1633 1122 1724 πρὸς

117 1729 184 1818 ήῦ,
208 1726 307 1819 εὖρος
327 1734 363 1801 δὲ
384 1731 428 1813 ὡς
448 1736 614 1821 τεσσέρων
633 1735 809 1822 πλέθρων·
829 1740 871 1823 τῇ
885 1734 921 1801 δέ
935 1737 991 1802 καὶ
1004 1741 1045 1824 τῇ
1065 1740 1122 1820 της

118 1829 202 1899 ὁδοῦ
216 1834 356 1920 δένδρεα
370 1829 604 1921 οὐρανομήκεα
618 1836 765 1919 πέφυκε·
788 1833 883 1920 φέρει
898 1831 929 1899 δ’
947 1835 980 1912 ές
994 1831 1122 1920 Ἑρμέω

56 1947 107 2006 139
118 1927 203 2016 ἰρόν.
248 1924 285 1995 τό
301 1928 362 2014 μὲν
380 1927 420 2016 δή
442 1927 518 2018 ίρόυ
537 1937 637 1997 τοῦτο
659 1929 747 1998 οῦτω
762 1936 837 2016 έχει.
884 1933 986 2011 Τέλος
1008 1932 1044 2000 δὲ
1064 1939 1121 2018 τῆς

117 2022 310 2112 ἀπαλλαγῆς
322 2034 384 2094 τοῦ
398 2033 565 2107 Αἰθίοπος
580 2021 645 2096 ιδδε
659 2034 776 2115 ἔλεγον
792 2033 965 2115 γενέσθαι·
987 2030 1069 2114 ὄψιν
1084 2035 1119 2100 έν

115 2129 161 2212 τῷ
191 2120 289 2212 ύπνῳ
314 2125 449 2213 τοιήνδε
475 2126 590 2195 ἰδόντα
618 2124 724 2195 αύτδν
749 2137 900 2215 οἰχεσθαι
929 2132 1119 2217 φεύγοντα·

117 2221 231 2290 ἐδόκεέ
254 2228 288 2291 οἰ
317 2221 424 2312 ἀνδρα
450 2227 628 2296 ἐπιστάντα
654 2228 901 2315 συμβουλεύειν
923 2226 1005 2308 τοῦς
1029 2234 1120 2317 ἰρέας

115 2319 195 2402 τούς
219 2324 257 2390 ἐν
282 2325 442 2419 Αἰγύπτῳ
466 2330 668 2408 συλλέξαντα
693 2328 820 2406 πάντας
849 2331 971 2413 μέσους
1004 2332 1120 2409 διατα-

113 2433 204 2507 μεϊν·
250 2424 367 2492 ἰδόντα
388 2426 424 2494 δέ
448 2423 511 2512 τήν
539 2424 620 2507 ὄψιν
639 2427 766 2513 ταύτην
790 2428 901 2510 λέγειν
922 2422 1046 2512 αὐτόν,
1074 2422 1119 2504 ὡς

87 2613 89 2616 v
114 2521 286 2608 πρόφασίν
306 2527 341 2590 οί
360 2528 470 2593 δοκέοι
490 2527 617 2611 ταύτην
636 2523 716 2605 τούς
736 2523 841 2604 θεούς
861 2525 1117 2612 προδεικνύναι,

113 2621 170 2686 ἵνα
192 2617 357 2708 ἀσεβήσας
373 2626 449 2710 περί
468 2621 508 2691 τά
530 2621 586 2711 ἰρά
608 2624 715 2693 κακόν
735 2650 767 2692 τι
784 2621 868 2711 πρός
881 2630 975 2691 θεῶν
995 2618 1119 2710 ήπρδς

113 2718 309 2804 ἀνθρώπων
329 2723 443 2808 λάβοι·
474 2721 536 2792 οῦκ
558 2718 607 2794 ἀν
627 2725 783 2813 ποιήσειν
802 2730 923 2810 ταῦτα,
951 2719 1036 2792 ἀλλά
1051 2723 1117 2809 γάρ

112 2825 146 2888 οί
171 2822 406 2906 ἐξεληλυθέναι
431 2818 493 2888 τόν
519 2824 662 2908 χρόνον,
692 2821 818 2889 ὁκόσον
842 2828 1027 2908 κεχρῆσθαι
1053 2820 1115 2908 ἀρ·

111 2923 212 3000 ξαντα
227 2919 402 3006 Αἰγύπτου
417 2920 628 3008 ἐκχωρήσειν.
659 2922 696 2988 ἐν
710 2917 775 3007 γάρ
788 2925 828 3008 τή
842 2925 1008 3008 Αἰθιοπίη
1024 2919 1116 2989 ἐόντι

109 3016 199 3109 αύτῷ
213 3017 253 3087 τά
269 3018 429 3107 μαντήια,
449 3033 536 3089 τοῖσι
548 3023 702 3107 χρέονται
716 3025 896 3113 Αἰθίοπες,
918 3017 1047 3108 ἀνεῖλε,
1071 3019 1118 3100 ὡς

109 3120 178 3183 δέοι
194 3114 300 3184 αὐτόν
314 3118 490 3204 Αἰγύπτου
503 3126 701 3208 βασιλεῦσαι
716 3127 789 3190 έτεα
809 3122 1027 3209 πεντήκοντα.
1070 3120 1115 3202 ὥς

107 3204 157 3281 σόν
171 3210 189 3282 ὁ
204 3212 324 3300 χρόνος
340 3207 438 3295 οὗτος
453 3217 539 3304 έξήιε
553 3220 608 3286 καί
623 3215 764 3307 αύτόνή
783 3217 860 3300 όψις
872 3227 935 3290 τοῦ
949 3223 1113 3291 ἐνυπνίου

104 3313 328 3400 ἐπετάρασσε.
354 3310 440 3380 έκοδν
467 3311 713 3386 ἀπαλλάσσεται
738 3319 775 3387 ἐκ
802 3326 859 3407 τής
888 3322 1068 3408 Αἰγύπτου
1091 3317 1112 3390 δ

100 3412 278 3497 Σαβακεύς.
