2354 3840
125 109 188 171 ³64
503 113 756 170 HERODOTI

62 284 112 337 160
126 267 251 354 στησαν
265 265 324 335 ἀπ’
341 265 455 336 αὐτοῦ.
500 267 632 337 Τούτου
646 271 682 336 δὲ
697 276 758 336 τοῦ
771 271 901 341 Βάττου
914 281 1044 361 γίνεται
1061 289 1137 354 ταῖς

123 363 353 450 Ἀρκεσίλεως,
375 362 412 443 ὃς
432 363 634 452 βασιλεύσας
648 373 762 451 πρῶτα
779 383 865 437 τοῖσι
885 372 1015 440 ἑωυτοῦ
1037 370 1134 441 ἀδελ-

128 476 238 542 φεοῖσι
258 464 446 548 ἐστασίασε,
468 464 500 541 ές
524 460 544 528 ὅ
562 489 621 548 μιν
642 457 737 531 οὗτοι
758 463 980 547 ἀπολιπόντες
1001 478 1133 555 οἴχοντο

128 561 161 637 ές
175 557 279 628 ἀλλον
291 567 402 647 χῶρον
417 566 476 645 τῆς
488 560 619 646 Λιβύης
638 565 694 628 καί
708 561 761 629 ἐπ’
778 567 914 632 ἑωυτῶν
929 568 1134 654 βαλλόμενοι

35 706 38 711 -
120 661 262 726 ’έιπισαν
276 658 377 725 πόλιν
391 658 535 744 ταύτην,
557 655 578 744 ἢ
592 659 667 727 τότε
682 665 818 751 καλ-νῦν
833 664 948 751 Βάρκη
964 655 1133 735 καλέεται·

127 763 291 838 κτίζοντες
305 755 337 824 δ’
360 755 430 843 ἅμα
450 754 558 844 αὐτὴν
579 755 735 827 ἀπιστᾶσι
756 757 821 829 ἀπὸ
844 769 912 830 τῶν
926 771 1132 851 Κυρηναίων

126 854 206 935 τούς
220 861 357 941 Λίβυας.
380 853 462 942 μετά
484 853 749 943 δέ’Λρκεσίλεως
770 861 804 938 ές
823 858 903 940 τούς
923 859 1133 949 ὑποδεξαμέ-

126 978 208 1032 νους
223 978 258 1020 τε
271 960 340 1020 τῶν
355 955 496 1041 Λιβύων
516 957 571 1022 καὶ
587 950 796 1035 ἀποστάντας
814 955 895 1036 τούς
911 955 1038 1038 αύτούς
1051 961 1131 1028 τού-

126 1075 205 1131 τους
222 1051 452 1134 έστρατεύετο·
475 1057 509 1119 οί
519 1055 555 1120 δὲ
567 1059 690 1139 Λίβυες
701 1057 870 1133 δείσαντες
880 1052 985 1124 αύτδν
997 1066 1129 1143 οίχοντο

127 1151 311 1240 φεύγοντες
326 1149 410 1238 πρός
424 1149 504 1230 τούς
517 1149 631 1237 ἠοίους
644 1160 713 1221 τῶν
728 1154 874 1242 Λιβύων.
898 1152 916 1224 ὁ
933 1156 969 1224 δὲ
980 1153 1130 1244 Ἀρκεσί-

124 1261 208 1330 λεως
229 1254 338 1320 εἵπετο
360 1252 542 1337 φεύγουσι,
566 1254 598 1330 ἐς
615 1249 635 1318 δ
651 1253 688 1319 ἐν
704 1253 862 1320 Λεύκωνί
874 1280 909 1321 τε
929 1260 986 1340 τῆς
1001 1252 1131 1341 Λιβύης

124 1353 251 1437 ἐγίνετο
266 1349 454 1418 ἐπιδιώκων
468 1352 524 1418 καί
539 1355 631 1429 ἔδοξε
650 1365 735 1418 τοῖσι
750 1357 872 1439 Λίβυσι
889 1355 1071 1420 ἐπιθέσθαι
1088 1356 1140 1420 ol.-

126 1449 355 1536 συμβαλόντες
366 1450 402 1516 δὲ
413 1452 570 1535 ἐνίκησαν
580 1446 660 1527 τούς
668 1456 882 1535 Κυρηναίους
892 1455 1032 1517 τοσούτο
1045 1448 1130 1516 ὥστε

125 1548 389 1632 ἑπτακισχιλίους
418 1543 553 1624 ὁπλίτας
579 1555 782 1632 Κυρηναίων
808 1548 956 1614 ἐνθαῦτα
985 1551 1120 1615 πεσέειν

124 1640 206 1729 μετὰ
223 1641 259 1708 δέ
279 1639 315 1709 τδ
332 1649 445 1728 τρῶμα
469 1651 566 1710 τοῦτο
581 1642 796 1729 Ἀρκεσίλεων
819 1645 882 1730 μέν
902 1644 1078 1730 κάμνοντά
1093 1670 1128 1713 τε

124 1744 179 1808 καί
190 1740 371 1827 φάρμακον
384 1740 561 1809 πεπωκότα
575 1739 594 1809 ὁ
606 1737 770 1828 ἀδελφεός
780 1745 927 1829 Λέαρχος
937 1738 1129 1830 ἀποπνίγει,

124 1839 275 1924 Λέαρχον
290 1834 362 1925 δέη
383 1835 470 1925 γυνη
492 1835 513 1925 ἡ
530 1835 725 1925 ’Λρκεσίλεω
746 1839 835 1931 δόλῳ
850 1846 989 1927 κτείνει,
1010 1847 1053 1928 τῇ
1068 1839 1129 1907 οὕ-

59 1947 104 2003 161
121 1962 210 2022 νομα
224 1929 270 2023 ἦν
282 1934 417 2023 Ἐρυξώ.
461 1940 640 2017 Διεδέξατο
656 1938 692 2004 δέ
705 1935 768 2024 τήν
782 1944 961 2026 βασιληίην
973 1944 1037 2006 τοῦ
1052 1936 1129 2022 ’Λρ-

122 2039 260 2101 κεσίλεω
282 2029 301 2101 ὁ
322 2047 399 2111 παῖς
413 2033 557 2119 Βάττος,
578 2034 683 2120 χωλός
691 2064 726 2104 τε
735 2033 802 2104 έδν
810 2035 867 2102 καὶ
876 2030 939 2102 ούκ
954 2032 1125 2121 ἀρτίπους.

122 2136 156 2199 οἷ
186 2133 222 2198 δὲ
249 2138 436 2217 Κυρηναῖοι
461 2127 545 2216 πρὸς
571 2130 632 2215 τὴν
665 2140 921 2219 καταλαβοῦσαν
944 2132 1127 2221 συμφορὴν

122 2239 270 2318 ἔπεμπον
300 2235 333 2310 ές
357 2228 515 2316 Δελφούς
538 2231 832 2315 ἐπειρησομένους,
853 2227 971 2298 ὅντινα
998 2233 1126 2317 τρόπον

122 2329 406 2417 καταστησάμενοι
421 2329 582 2397 κάλλιστα
598 2323 642 2394 ἀν
657 2331 806 2396 οἰκέοιεν.
836 2324 857 2415 η
872 2327 910 2398 δὲ
921 2336 1039 2416 Πυθίη
1054 2330 1125 2397 έκέ-

122 2440 198 2499 λευε
215 2431 251 2497 ἐκ
268 2433 459 2514 Μαντινέης
479 2434 536 2514 τῆς
553 2424 724 2512 ’Λρκοὶδων
739 2433 981 2513 καταρτιστῆρα
1001 2423 1124 2512 ἀγαγέ-

121 2542 212 2597 σθαι.
236 2537 347 2596 αίτεον
362 2523 411 2597 ἀν
428 2533 462 2596 οί
471 2536 674 2615 Κυρηναῖοι,
690 2533 745 2598 καλ
756 2535 790 2598 οί
799 2526 988 2605 Μαντινέες
1002 2531 1124 2594 ἔδοσαν

66 2671 78 2689 ,-
121 2626 229 2713 ἀνδρα
245 2633 313 2694 τῶν
329 2625 441 2694 ἀστῶν
461 2628 706 2713 δοκιμώτατον,
728 2633 774 2717 τῷ
791 2625 921 2711 οὕνομα
936 2617 981 2712 ἦν
998 2632 1123 2712 Δημῶ-

122 2731 190 2806 ναξ.
225 2717 324 2805 οὗτος
344 2719 393 2794 τόν
416 2722 508 2812 ὡνηρ
530 2723 732 2811 ἀπικόμενος
753 2727 786 2802 ές
805 2721 868 2810 τὴν
884 2723 1050 2809 Κυρήνην
1069 2726 1122 2790 καλ

119 2823 242 2909 μαθων
268 2826 389 2891 ἕκαστα
414 2829 513 2891 τοῦτο
544 2825 607 2910 μὲν
631 2823 815 2907 τριφύλους
845 2819 980 2905 ἐποίησέ
1006 2838 1121 2906 σφεας,

118 2925 196 3009 τῇδε
220 2925 365 3007 διαθείς,
394 2928 552 3008 Θηραίων
575 2921 638 3007 μὲν
664 2923 720 2988 καί
744 2925 812 2987 τῶν
838 2924 1019 3008 περιοίκων
1042 2925 1122 3005 μίαν

118 3035 240 3107 μοῖραν
254 3026 404 3108 ἐποίησε,
425 3020 531 3108 ἀλλην
548 3024 585 3089 δὲ
598 3026 882 3107 Πελοποννησίων
897 3022 952 3088 καλ
965 3026 1122 3107 Κρητῶν,

117 3125 232 3206 τρίτην
243 3121 279 3187 δὲ
291 3124 481 3207 νησιωτέων
492 3121 641 3204 πάντων,
652 3128 752 3189 τοῦτο
763 3121 801 3188 δέ
810 3125 856 3209 τῷ
867 3121 997 3206 βασιλέϊ
1004 3118 1123 3209 Βάττῳ

116 3219 254 3303 τεμένεα
274 3218 395 3298 ἐξελών
417 3221 471 3285 καὶ
497 3217 657 3304 ίροσύνας
677 3217 718 3286 τά
734 3217 818 3287 ἀλλα
833 3214 959 3302 πάντα,
978 3214 1020 3285 τὰ
1034 3216 1121 3306 πρό-

47 3327 98 3384 162
112 3339 211 3399 τερον
227 3313 317 3400 εἶχον
332 3317 366 3381 οί
380 3317 546 3402 βασιλέες,
569 3319 602 3395 ἐς
619 3320 721 3403 μέσον
736 3322 782 3408 τῷ
797 3314 890 3406 δήμω
905 3318 1016 3402 ἔθηκε.
1050 3313 1119 3386 Ἐπὶ

68 3444 110 3528 λι,
