2354 3840
131 189 192 252 146
510 189 762 246 HERODOTI

129 357 192 437 μὲν
206 354 261 418 καὶ
281 344 522 437 προθυμότατα
544 348 577 424 ές
590 344 783 432 Βούβαστιν
797 345 897 413 πόλιν
910 340 1136 434 τῇἍρτέμιδι,

130 448 270 535 δεύτερα
290 450 323 525 ές
336 445 500 531 Βούσιριν
515 442 615 511 πόλιν
632 450 671 530 τῇ
686 441 767 511 Ἴσι·
791 445 828 511 έν
842 441 946 531 ταύτῃ
961 441 1029 529 γάρ
1046 442 1087 531 δὴ
1100 450 1137 533 τῇ

22 618 25 627 ,
129 545 207 614 πόλι
222 547 289 613 ἐστὶ
303 540 568 629 μέγιστον’Ίσιος
583 537 677 627 ίρδν,
698 544 832 627 ἵδρυται
849 544 886 608 δὲ
902 537 924 628 ἡ
941 539 1042 620 πόλις
1057 540 1135 627 αῦτη

126 652 183 731 τῆς
197 641 373 728 Αἰγύπτου
388 643 425 706 ἐν
439 643 574 730 μέσῳ
542 665 588 706 τω
574 640 730 725 Δέλτα,
748 631 826 716 Ισις
841 641 880 706 δέ
892 641 962 706 έστι
977 636 1065 707 ιιατά
1079 635 1133 726 τὴν

118 740 289 850 Ἐλλήνων
303 745 459 825 γλῶσσαν
474 705 648 822 Δημήτηρ.
672 742 766 822 τρίτα
781 732 812 802 δ’
830 739 863 813 ές
877 733 969 803 Σάϊν
984 734 1134 803 πόλιν”
1098 761 1134 823 τρ

120 823 283 925 Ἀθηναίῃ
298 860 453 921 πανηγυρ
455 840 580 920 ί,ζουσι
597 836 737 921 τέταρτα
749 836 785 901 δὲ
800 837 833 913 ές
842 831 960 902 Ηλίου
974 833 1079 903 πόλιν
1092 836 1133 901 τῦ

118 933 193 1002 Ἡλί
193 961 235 1024 μ,
258 936 388 1020 πέμπτα
409 935 445 1000 δὲ
462 936 495 1010 ές
508 938 664 1000 Βουτοῦν
685 931 787 999 πόλιν
801 958 841 1021 τρ
826 938 978 1018 Λητοῖ,
1002 935 1082 1000 ἕκτα
1100 902 1132 996 δὲ

79 1037 156 1112 οοές
169 1031 353 1118 Πάπρημιν
374 1029 474 1098 πόλιν
497 1036 543 1120 τῷ
560 1028 662 1116 ’Ἁρελ
704 1027 754 1108 Ἐς
773 1034 836 1117 μέν
855 1057 921 1097 νυν
942 1029 1132 1116 Βούβαστιν

123 1133 224 1202 πόλιν
247 1127 348 1208 ἐπεάν
372 1134 587 1215 κομίζωνται,
609 1133 743 1194 ποιεῦσι
763 1128 893 1195 τοιάδε·
926 1125 1085 1197 πλάουσί
1099 1150 1131 1193 τε

122 1227 187 1317 γάρ
204 1226 244 1316 δὴ
261 1227 330 1315 άμα
344 1225 465 1314 ἀνδρες
478 1228 629 1313 γυναιξὶ,
650 1227 706 1292 καὶ
721 1224 849 1294 πολλάν
863 1251 895 1292 τι
909 1232 1043 1313 πλῆθος
1058 1227 1130 1293 εἰτο-

121 1332 228 1414 τέραν
244 1329 280 1394 έν
296 1324 416 1411 ἑκάστῃ
432 1322 529 1410 βάρι·
552 1325 589 1389 αί
600 1324 663 1407 μέν
677 1346 767 1399 τινες
780 1329 849 1389 τῶν
863 1329 1040 1408 γυναιιιῦν
1054 1317 1133 1411 πρό-Ι

121 1437 204 1495 ταλα
221 1433 355 1511 ἔχουσαι
371 1427 618 1509 κροταλίζουσι,
642 1427 676 1490 οί
692 1423 729 1490 δὲ
750 1420 909 1491 αὐλέουσι
923 1421 1008 1491 ιιατά
1023 1421 1128 1491 πάντα

122 1527 182 1596 τδν
203 1525 327 1608 πλόον,
350 1528 386 1590 αί
405 1523 441 1590 δὲ
461 1526 573 1591 λοιπαὶ
588 1537 746 1609 γυναῖκες
766 1526 821 1591 ιιαδ
840 1522 962 1608 ἀνδρες
982 1521 1128 1592 ἀείδουσι

122 1629 177 1693 καὶ
191 1621 249 1700 τάς
262 1634 373 1707 χεῖρας
388 1623 571 1706 κροτέουσι.
607 1617 709 1688 ἐπεάν
725 1621 761 1688 δὲ
775 1619 944 1700 πλάοντες
958 1620 1045 1690 κατά
1058 1647 1127 1690 τινα

122 1721 222 1790 πόλιν
243 1717 349 1804 ἀλλην
369 1720 550 1804 γένωνται,
573 1720 812 1805 ἐγχρίμψαντες
832 1716 896 1805 τὴν
909 1725 1013 1806 βᾶριν
1036 1723 1127 1808 τῇγῇ

122 1824 253 1886 ποιεῦσι
275 1814 405 1884 τοιάδε·
428 1822 464 1884 αί
483 1819 545 1901 μέν
563 1842 651 1895 τινες
664 1823 733 1885 τοῖν
752 1817 1126 1904 γυναικῶνποιεῦσιτά·

121 1944 184 2006 περ
206 1927 339 2005 είρηιια,
362 1920 399 1982 αί
424 1915 461 1982 δὲ
485 1914 675 1995 τωθάζουσι
693 1919 830 2000 βοεῦσαι
850 1912 909 1995 τάς
934 1917 973 1983 έν
991 1922 1034 2004 τῇ
1053 1913 1125 1983 πόλι

120 2015 225 2103 ταύτῃ
250 2027 428 2101 γυναῖκας,
452 2017 489 2081 αί
512 2010 543 2079 δ’
568 2009 757 2100 ὀρχέονται,
779 2019 816 2082 αλ
838 2013 870 2082 δ’
899 2013 1124 2100 ἀνασύρονται

120 2110 349 2196 ἀνιστάμεναι.
382 2115 487 2174 ταῦτα
507 2105 597 2194 παρά
618 2117 731 2177 πᾶσαν
749 2111 851 2180 πόλιν
871 2118 1123 2199 παραποταμίην

120 2214 262 2277 ποιεῦσι.
287 2202 389 2272 έπεάν
407 2207 443 2271 δὲ
464 2201 649 2274 ἀπίκωνται
671 2210 703 2287 ἐς
722 2205 785 2294 τὴν
797 2208 1006 2296 Βούβαστιν,
1029 2206 1122 2298 ὁρτά-

121 2312 213 2386 ζουσι
235 2301 380 2389 μεγάλας
400 2300 583 2389 ἀνάγοντες
603 2309 742 2390 θυσίας,
765 2307 821 2372 καὶ
835 2303 924 2383 οἶνος
948 2302 1122 2392 ἀμπέλινος

120 2400 356 2486 ἀναισιμοῦται
376 2403 488 2468 πλέαν
506 2403 543 2468 έν
563 2408 603 2488 τῇ
623 2398 705 2489 ὁρτῇ
725 2400 830 2490 ταύτῃ
850 2397 925 2487 ἢέν
943 2409 991 2494 τῷ
1006 2402 1121 2472 ἅπαντι

120 2502 261 2587 ἐνιαυτῷ
281 2504 327 2587 τῷ
349 2499 517 2586 ἐπιλοίπῳ.
541 2495 880 2585 συμφοιτέουσιδδ,δ
902 2524 934 2565 τι
961 2496 1050 2585 ἀνὴρ
1074 2498 1122 2566 καί

118 2594 207 2684 γυνή
226 2597 293 2661 ἐστι
308 2591 397 2679 πλὴν
411 2598 573 2680 παιδίαν,
590 2597 646 2661 καί
659 2597 693 2673 ές
707 2594 935 2682 ἑβδομήκοντα
949 2594 1120 2682 μυριάδας,

122 2689 166 2769 ὡς
182 2694 215 2757 οί
229 2689 400 2776 έπιχάριοι
412 2692 557 2774 λέγουσι.
591 2697 703 2759 Ταῦτα
714 2693 777 2776 μὲν
792 2690 833 2778 δὴ
850 2690 954 2780 ταύτῃ
969 2695 1120 2770 ποιέεται,

75 2808 108 2862 ⁶1
121 2792 158 2855 ἐν
175 2786 211 2853 δὲ
221 2791 361 2872 Βουσίρι
378 2785 456 2852 πόλι
472 2784 515 2863 ὡς
529 2784 695 2873 ἀνάγουσι
709 2796 748 2876 τῇ
759 2787 824 2856 Ἴσι
835 2787 897 2876 τὴν
908 2787 1025 2878 ὁρτὴν,
1038 2798 1120 2876 είρη-

118 2911 173 2952 ται
188 2879 354 2969 πρότερόν
369 2906 435 2966 μοι.
465 2881 646 2952 τύπτονται
660 2886 722 2969 μὲν
742 2881 807 2972 γάρ
825 2882 866 2972 δὴ
884 2882 966 2971 μετά
980 2883 1121 2973 xvij
1159 2910 1162 2915 ·

119 2990 197 3067 σίην
210 2978 332 3056 πάντες
346 2980 401 3045 καὶ
416 2985 535 3067 πᾶσαι,
553 2980 715 3069 μυριάδες
729 2980 834 3065 κάρτα
848 2985 969 3052 πολλαί
985 2979 1121 3070 ἀνδρά-

118 3102 202 3146 πων.
226 3073 287 3142 τὸν
301 3077 337 3141 δὲ
351 3073 549 3164 τύπτονται,
571 3077 613 3149 οῦ
628 3102 685 3164 μοι
700 3075 798 3145 ὅσιόν
812 3080 880 3147 ἐστι
899 3082 1022 3165 λέγειν.
1051 3078 1121 3149 ὅσοι

120 3181 156 3246 δὲ
171 3180 296 3261 Καρῶν
311 3177 372 3243 είσδ
386 3178 423 3243 έν
437 3176 597 3268 Αἰγύπτῳ
613 3181 793 3265 οἰκέοντες,
816 3171 909 3248 οῦτοι
924 3179 962 3249 δὲ
976 3180 1120 3270 τοσούτῳ

119 3280 166 3343 ἔτι
182 3275 271 3341 πλέω
286 3280 418 3341 ποιεῦσι
437 3274 584 3361 τούτων,
607 3273 675 3365 ὅσῳ
696 3277 751 3342 καὶ
770 3273 810 3343 τά
825 3278 960 3363 μέτωπα
980 3278 1122 3348 κόπτον-

117 3397 171 3438 ται
188 3375 382 3459 μαχαίρῃσι,
404 3376 459 3440 καί
473 3373 580 3464 τούτῳ
596 3374 657 3440 elul
678 3376 773 3458 δῆλοι
793 3371 844 3441 ὅτι
864 3378 926 3443 είσὶ
946 3378 1052 3457 ξεῖνοι
1069 3376 1121 3445 τεά
