2354 3840
328 224 414 280 LIB.
448 225 495 280 IV.
528 226 626 282 OAP.
655 231 798 288 m—w.
1006 227 1066 291 331

65 403 137 448 ται·
160 387 250 465 ἴχνος
257 375 437 467 Ἡρακλέος
456 388 616 467 φαίνουσι
634 384 671 450 έν
691 386 794 473 πέτρη
808 384 921 474 ένεόν,
944 385 981 455 τό
998 386 1067 457 οἰκε

64 479 128 564 μὲν
148 477 269 564 βήματι
291 474 429 566 ἀνδρός,
453 485 521 547 ἔστι
541 481 577 548 δὲ
593 478 631 547 τό
646 486 795 567 μέγαθος
810 488 948 573 δίπηχυ,
976 485 1067 572 παρά

64 575 127 643 τόν
144 575 259 665 Τύρην
273 577 432 663 ποταμόν.
455 584 553 646 τοῦτο
567 580 630 665 μέν
644 604 710 646 νυν
724 583 858 648 τοιοῦτό
876 585 961 668 ἐστι,
983 583 1068 652 ἀνα-

65 673 211 761 βήσομαι
227 676 263 757 δὲ
279 676 312 753 ές
326 670 388 743 τόν
402 672 475 742 κατ’
492 672 595 761 ἀρχάς
609 673 665 763 ἤια
679 679 784 756 λέξων
799 678 911 766 λόγον.

148 778 494 862 Παρασκευαζομένου
509 782 660 862 Δαρείου
681 779 733 845 ἰπὶ
754 775 833 857 τούς
847 780 990 858 Σκύθας
1011 783 1067 849 καί
1081 797 1116 850 83

64 876 308 958 ἐπιπέμποντος
338 868 499 959 ἀγγέλους
525 871 738 954 ἐπιτάξοντας
761 890 846 944 τοῖσι
870 880 937 963 μὲν
967 875 1067 959 πεζόν

65 968 225 1058 στρατόν,
240 984 325 1038 τοῖσι
340 969 376 1038 δέ
390 972 467 1049 νέας
481 974 652 1057 παρέχειν,
667 987 753 1041 τοῖσι
768 973 804 1041 δέ
816 976 994 1060 ζευγνύναι
1006 973 1066 1043 τὸν

66 1077 226 1157 Θρηίκιον
239 1070 426 1156 Βόσπορον,
438 1065 640 1156 Ἀρτάβανος
654 1066 889 1158 ὁὟστάσπεος,
904 1072 1066 1160 ἀδελφεὸς

66 1168 296 1258 έῶνΔαρείου,
304 1166 428 1256 ἐχρήιζε
439 1172 597 1254 μηδαμῶς
608 1165 712 1235 αὐτὸν
722 1177 902 1257 στρατηίην
913 1174 1068 1240 έπὶΣκύ-

64 1278 131 1345 δας
145 1269 334 1352 ποιέεσθαι,
356 1267 548 1351 καταλέγων
561 1272 630 1331 τῶν
643 1269 813 1334 Σκυθέων
828 1267 890 1355 τὴν
911 1267 1065 1355 ἀπορίην.

64 1361 139 1433 ἀλλ’
156 1361 198 1432 ού
213 1360 278 1452 γάρ
297 1368 411 1431 ἔπειθε
423 1363 667 1449 συμβουλεύων
681 1367 715 1430 οἰ
726 1362 867 1451 χρηστά,
883 1362 901 1433 ὁ
917 1367 979 1451 μέν
991 1369 1067 1435 έπέ-

64 1490 189 1550 παυτο,
211 1460 230 1532 ὁ
249 1464 301 1549 δὲ,
324 1461 438 1549 ἐπειδή
460 1465 494 1530 οἰ
511 1458 552 1529 τά
572 1461 682 1530 πάντα
701 1465 968 1551 παρεσκεύαστο,
992 1464 1067 1553 ἐξή-

64 1570 168 1632 λαυνε
181 1557 242 1629 τόν
256 1556 399 1647 στρατόν
412 1562 449 1627 ἐκ
461 1557 616 1627 Σούσων.
651 1558 816 1628 Ἐνθαύτα
827 1569 895 1630 τῶν
905 1567 1065 1649 Περσέων
1079 1575 1114 1629 84

66 1656 226 1744 Οἰόβαζος
241 1656 363 1746 ἐδεήθη
377 1663 528 1744 Δαρείου
542 1665 646 1745 τριῶν
666 1658 794 1726 έόντων
808 1664 842 1728 οί
860 1666 990 1730 παίδων
1011 1665 1067 1730 καί

63 1759 202 1826 πάντων
215 1756 489 1843 στρατευομένων
505 1758 564 1823 ἕνα
580 1754 670 1848 αύτῷ
685 1765 960 1846 καταλειφθῆναι.
994 1759 1011 1827 ὁ
1030 1765 1069 1828 δέ

63 1861 97 1924 oc
111 1861 175 1940 ἔφη
192 1851 235 1933 ὡς
250 1860 336 1945 φίλω
352 1852 442 1921 έόντι
457 1855 513 1921 καί
524 1863 668 1941 μετρίων
683 1858 830 1946 δεομένω
844 1856 972 1936 πάντας
985 1856 1065 1935 τούς

63 1957 182 2031 παῖδας
202 1957 423 2032 καταλείψειν.
456 1946 554 2037 ὁμὲν
575 1948 615 2037 δη
634 1951 794 2039 Οἰόβαζος
814 1953 993 2042 περιχαρὴς
1010 1946 1064 2041 ἦν,

62 2056 203 2132 ἐλπίζων
223 2047 302 2128 τούς
321 2051 413 2127 υίέας
429 2055 604 2136 στρατηίης
625 2047 871 2137 ἀπολελύσθαι,
895 2049 913 2117 ὁ
936 2051 973 2118 δὲ
993 2052 1065 2118 ἐκί-

63 2158 161 2220 λευσε
180 2146 259 2226 τούς
280 2149 332 2215 έπὶ
354 2147 485 2214 τούτων
502 2148 703 2227 ἐπεστεῶτας
723 2145 917 2217 ἀποκτείναι
937 2149 1064 2227 πάντας

59 2244 142 2326 τούς
158 2244 323 2333 Οἰοβάζου
336 2245 464 2324 παῖδας.
487 2246 543 2313 καὶ
554 2237 648 2313 οὗτοι
662 2244 724 2330 μέν
738 2241 986 2333 ἀποσφαγέντες
1001 2243 1065 2314 αύ-

60 2349 124 2413 τού
140 2341 243 2430 ταύτη
264 2343 451 2428 ἐλείποντο,
472 2353 617 2431 Δαρεῖος
637 2344 674 2410 δὲ
701 2343 809 2410 ἐπείτε
835 2343 1063 2431 πορευόμενος
1078 2365 1114 2419 85

61 2446 100 2512 έκ
112 2440 258 2508 Σούσων
273 2436 407 2508 ἀπίκετο
422 2446 480 2527 τῆς
493 2443 721 2526 Καλχηδονίης
735 2442 788 2508 ἐπὶ
803 2436 864 2506 τάν
873 2439 1061 2527 Βόσπορον,

60 2545 119 2608 ’ίνα
134 2544 265 2620 ἔζευκτο
278 2534 299 2624 ἡ
312 2539 459 2624 γέφυρα,
483 2540 644 2605 ένθεύτεν
659 2534 758 2624 έσβάς
773 2540 805 2616 ές
816 2539 876 2604 νέα
892 2543 999 2604 έπλωε
1010 2539 1063 2605 ἐπὶ

60 2638 120 2718 τάς
134 2642 287 2717 Κυανέας
306 2641 528 2724 καλεομένας,
548 2634 608 2717 τάς
624 2638 789 2726 πρότερον
804 2636 972 2726 πλαγκτάς
986 2637 1063 2706 Ἕλ-

60 2740 159 2826 ληνές
181 2755 264 2823 φασι
287 2734 388 2821 εἰναι,
411 2736 563 2821 ἑζόμενος
584 2738 620 2804 δὲ
641 2739 695 2804 ἐπὶ
713 2744 759 2829 τῷ
779 2742 840 2828 ίρῷ
856 2737 990 2819 έθηέετο
1003 2734 1064 2803 τόν

60 2835 206 2921 Πόντον,
221 2825 319 2902 έόντα
329 2830 546 2918 ἀξιοθήητον·
564 2835 736 2922 πελαγέων
750 2833 814 2922 γάρ
833 2832 992 2902 ἁπάντων
1003 2833 1064 2898 πέ-

61 2959 150 3019 φυκε
193 2930 469 3018 θωμασιώτατος,
490 2939 552 2999 τού
574 2929 612 2999 τό
637 2931 699 3018 μέν
719 2933 823 3019 μῆκός
845 2940 907 3001 εἰσι
932 2931 1062 3000 στάδιοι

61 3028 182 3100 έκατδν
195 3032 251 3098 καί
264 3035 362 3116 χίλιοι
377 3032 433 3097 καὶ
446 3028 578 3116 μύριοι,
595 3027 633 3098 τό
649 3031 685 3098 δὲ
700 3023 815 3116 εὖρος,
831 3037 870 3118 τῇ
882 3027 1062 3114 εὐρύτατος

61 3125 163 3207 αὐτὸς
178 3131 322 3213 ἑωυτοῦ,
345 3128 473 3196 στάδιοι
492 3129 677 3215 τριηκόσιοι
698 3132 753 3197 καὶ
766 3134 947 3216 τρισχίλιοι.
981 3127 1064 3194 τού-

61 3253 122 3295 του
136 3232 197 3292 τού
212 3225 372 3311 πελάγεος
387 3224 424 3293 τό
441 3226 545 3314 στόμα
560 3229 628 3295 έστί
643 3220 742 3313 εύρος
756 3229 907 3310 τέσσερες
921 3225 1062 3311 στάδιοι,

60 3332 166 3411 μῆκος
183 3325 220 3392 δὲ
239 3329 300 3393 τοῦ
318 3323 495 3411 στόματος,
517 3322 535 3392 ὁ
558 3322 680 3412 αύχην,
703 3323 740 3391 τὸ
763 3321 802 3410 δὴ
819 3323 992 3409 Βόσπορος
1006 3322 1062 3388 κέ-

60 3429 196 3506 κληται,
212 3417 285 3487 κατ’
305 3419 324 3488 δ
338 3419 378 3506 δη
391 3428 520 3502 ἔζευκτο
531 3420 552 3507 ἡ
565 3425 712 3509 γέφυρα,
729 3424 780 3489 ἐπὶ
792 3426 946 3500 σταδίους
958 3428 1069 3509 εἰκοσιἱ
