2354 3840
331 222 417 281 1111.
450 224 469 283 1.
505 222 605 281 cm.
641 229 813 285 11ο-11ε.
1030 219 1069 285 61

66 394 119 472 είη
136 387 205 451 τῶν
221 380 368 471 οὐρέων,
386 378 452 467 φάς
465 378 647 466 Ἀστυάγεα
662 378 747 449 εἶναι
762 380 822 448 τδν
835 390 939 450 ταῦτα
954 379 1071 451 ἐπιδέ-

67 480 174 566 μενόυ
187 505 255 568 μοι,
269 477 376 549 πολλά
393 477 583 568 ἀπειλήσας,
599 482 629 545 εί
641 476 687 565 μή
702 497 788 563 σφεα
803 477 985 566 ποιήσαιμι.
1016 483 1069 548 καὶ

67 573 131 664 ἐγοδ
150 573 330 665 άναλαβεδν
346 580 485 662 έφερον,
510 576 639 645 δοκέων
659 582 727 643 τῶν
740 573 831 655 τινός
852 578 1007 644 οἰκετέων
1023 574 1068 644 εί-

67 700 140 743 ναι·
163 672 205 744 οὗ
220 672 285 761 γάρ
300 672 344 742 δν
358 700 433 743 κοτε
455 675 624 759 κατέδοξα,
642 676 744 741 ἐνθεν
759 699 796 761 γε
810 666 863 762 ήν.
897 674 1068 763 ἐθάμβεον

65 773 103 839 δὲ
119 769 227 859 ὁρέων
241 777 410 863 χρυσβτε
431 775 484 840 καί
506 774 616 858 εἵμασι
638 771 904 858 κεκοσμημένον,
927 770 1011 860 πρός
1032 777 1067 843 δέ

66 872 120 937 καὶ
141 866 320 956 κλαυθμόν
341 875 543 936 κατεστεῶτα
570 868 720 953 ἐμφανέα
741 869 778 935 ἐν
795 865 974 957 Ἀρπάγον.
1012 876 1066 940 καὶ

64 966 211 1056 πρόκατε
226 965 265 1055 δή
283 962 353 1035 κατ’·
367 963 448 1034 ὁδόν
463 965 682 1052 πυνθάνομαι
696 963 756 1034 τόν
770 965 880 1036 πάντα
890 969 993 1056 λόγου
1004 981 1066 1039 δε-

65 1067 246 1152 ράποντος,
269 1062 305 1143 δς
325 1064 382 1150 ἐμὲ
402 1065 608 1152 προπέμπων
620 1066 681 1145 ἐξω
696 1063 812 1144 πόλιος
829 1069 1005 1154 ἐνεχείρισε
1026 1069 1063 1138 τό

64 1167 207 1253 βρέφος,
234 1158 278 1240 ὥς
303 1159 368 1250 άρα
393 1160 579 1248 Μανδάνης
593 1186 628 1230 τε
643 1170 694 1248 είη
708 1176 784 1241 παῖς
798 1169 855 1249 τῆς
868 1157 1065 1247 Ἀστυάγεος

64 1256 235 1348 θυγατρός
249 1262 303 1327 καὶ
319 1259 507 1346 Καμβύσεω
522 1265 584 1326 τοῦ
599 1258 728 1345 Κόρου,
746 1267 805 1326 καί
815 1286 875 1346 μιν
885 1259 1065 1349 Ἀστυάγης

64 1359 247 1426 ἐντέλλεται
263 1353 471 1425 ἀποκτείναι·
493 1362 560 1423 νῦν
574 1379 610 1424 τε
627 1353 685 1422 ὅδε
695 1358 772 1423 ἐστέ,
810 1356 895 1444 Ἅμα
913 1360 1065 1429 δὲταῦτα
1085 1380 1133 1433 111

64 1464 155 1542 ἐλεγε
178 1452 195 1522 δ
213 1453 376 1542 βουκόλος
396 1456 451 1522 καὶ
471 1454 661 1534 ἐκκαλύψας
678 1449 883 1537 ἀπεδείκνυε.
917 1452 937 1543 ἡ
962 1457 998 1524 δὲ
1021 1452 1065 1535 ὡς

65 1553 129 1624 είδε
144 1550 182 1621 τδ
200 1556 335 1621 παιδίον
352 1553 435 1638 μέγα
449 1577 484 1620 τε
502 1553 557 1619 καὶ
572 1548 697 1629 εὐειδὲς
712 1547 781 1637 έδυ,
802 1552 996 1639 δακρύσασα
1011 1554 1066 1622 καὶ

63 1651 231 1740 λαβομένη
256 1656 325 1718 τῶν
348 1651 526 1737 γουνάτων
549 1654 611 1717 τοῦ
634 1645 758 1732 ἀνδρός
777 1648 901 1736 ἐχρήιζε
922 1653 1065 1738 μηδεμιῇ

64 1753 160 1840 τέχνη
178 1753 330 1819 ἐκθεῖναί
342 1775 409 1837 μιν.
443 1746 461 1816 ὁ
486 1751 522 1817 δὲ
546 1744 609 1815 οὐκ
633 1753 698 1833 ἐφη
720 1742 789 1824 οἷός
803 1746 841 1815 τέ
859 1744 943 1815 εἶναι
958 1743 1066 1826 άλλως

64 1844 148 1917 αὐτὰ
163 1848 305 1915 ποιέειν·
328 1847 555 1933 ἐπιφοιτήσειν
569 1843 634 1934 γάρ
652 1845 882 1926 κατασκόπους
897 1844 1065 1930 έξἎρπά-

65 1971 127 2030 γον
142 1945 387 2030 ἐποψομένους,
404 1939 610 2010 ἀπολέεσθαί
624 1967 658 2008 τε
674 1942 831 2026 κάκιστα,
854 1936 896 2029 ἢν
917 1942 963 2030 μή
978 1961 1064 2028 σφεα

64 2041 194 2130 ποιήση.
241 2038 285 2120 ὡς
299 2043 335 2109 δὲ
353 2038 415 2108 οὐκ
431 2046 546 2109 ἐπειδε
563 2039 628 2126 άρα
643 2037 703 2107 τόν
719 2038 837 2127 ἄνδρα,
855 2043 994 2127 δεύτερα
1009 2043 1065 2108 λε’-

64 2138 147 2229 γειή
169 2137 257 2227 γυνή
278 2139 373 2207 τάδε·
400 2136 486 2206 Ἐπεὶ
506 2145 623 2206 τοίνυν
645 2134 686 2205 οὐ
708 2138 858 2225 δύναμαί
874 2160 911 2206 σε
930 2147 1065 2209 πείθειν

63 2235 105 2325 μή
125 2239 285 2325 ἐκθεῖναι,
303 2235 345 2304 σύ
363 2239 399 2304 δὲ
418 2228 482 2304 ὦδε
496 2243 654 2322 ποίησον,
672 2242 702 2304 εί
717 2234 757 2323 δή
774 2238 865 2306 πᾶσά
879 2264 918 2325 γε
933 2235 1064 2325 ἀνάγκη

62 2335 213 2422 ὀφθήυαι
229 2338 438 2421 ἐκκείμενον·
459 2334 575 2402 τέτοκα
590 2331 655 2421 γδρ
667 2336 722 2403 καὶ
733 2331 809 2421 έγδ,
826 2335 944 2404 τέτοκα
958 2336 995 2404 δέ
1008 2359 1064 2403 τε-

62 2432 180 2511 θνεός·
202 2433 378 2519 τοῦτομὲν
395 2434 510 2519 φέρων
527 2433 666 2517 πρόθες,
686 2427 1065 2516 τδνδδτήςἈστυάγεος

62 2528 232 2617 θυγατρός
245 2534 346 2597 παῖδα
359 2528 403 2609 ὡς
419 2533 451 2611 ἐξ
462 2527 574 2616 ἡμέων
589 2527 687 2596 ἐόντα
698 2531 889 2616 τρέφωμεν·
906 2533 960 2598 καί
975 2529 1063 2596 οὕτω

60 2625 140 2694 οὔτε
155 2624 198 2693 σύ
213 2624 358 2695 άλιόσεαι
373 2626 518 2696 ἀδικέων
533 2624 612 2705 τούς
627 2625 799 2713 δεσπότας,
816 2623 893 2696 οὔτε
906 2623 988 2715 ήμίν
1003 2654 1065 2695 κα-

59 2732 128 2803 κῶς
142 2727 390 2812 βεβουλευμένα
406 2733 506 2795 ἔσται.
540 2724 560 2793 δ’
581 2750 618 2794 τε
637 2720 703 2812 γάρ
722 2721 870 2804 τεθνεός
891 2732 1065 2812 βασιληίης

60 2829 168 2908 ταφῆς
183 2822 322 2910 κυρήσει
344 2827 399 2911 καὶ
422 2823 439 2891 ὁ
464 2820 608 2913 περιεδν
629 2821 691 2890 οὐκ
713 2820 846 2898 άπολέει
867 2822 929 2910 τήν
942 2823 1063 2911 ψυχήν.

61 2917 178 3005 Κάρτα
192 2941 227 2985 τε
243 2923 334 2999 ἔδοξε
348 2927 394 3011 τῷ
405 2922 559 3012 βουκόλῳ
571 2919 655 3007 πρός
668 2916 708 2986 τὰ
719 2919 888 3007 παρεόντα
904 2914 944 2988 εὖ
954 2923 1066 3007 λέγειν
1081 2941 1131 2995 113

59 3014 80 3104 ή
96 3011 196 3103 γυνή,
212 3018 266 3084 καὶ
282 3013 401 3085 αὐτίκα
418 3020 525 3086 ἐποίεε
540 3020 652 3085 ταῦτα.
687 3014 823 3103 τὸνμὲν
838 3023 938 3104 ἔφερε
953 3027 1065 3086 θανα-
1080 3094 1084 3102 ,
1101 3092 1102 3097 1

59 3115 180 3184 τόσων
193 3118 307 3200 παῖδα,
321 3122 442 3183 τοῦτον
456 3116 518 3202 μέν
529 3118 710 3202 παραδιδοῖ
721 3123 761 3202 τῇ
775 3116 903 3182 ἑωυτοῦ
918 3120 1064 3204 γυναικί,

59 3212 122 3283 τόν
144 3213 180 3280 δέ
201 3212 330 3280 ἑωυτοῦ
346 3213 443 3281 ἐόντα
457 3211 581 3301 νεκρόν
606 3207 720 3299 λαβοδν
735 3216 837 3297 ἔθηκε
852 3214 886 3291 ἐς
899 3211 936 3280 τὸ
952 3211 1064 3299 ἄγγος,

59 3315 98 3382 ἐν
118 3317 165 3379 τῶ
188 3316 286 3397 ἔφερε
305 3308 366 3378 τδυ
381 3314 512 3397 ἕτερον·
534 3311 702 3397 κοσμήσας
716 3310 752 3378 δέ
771 3318 818 3399 τῷ
839 3309 952 3401 κόσμφ
967 3313 1065 3378 παντὶ

61 3416 124 3478 τοῦ
137 3409 253 3497 έτέρου
268 3407 397 3495 παιδός,
414 3409 528 3497 φέρων
544 3412 576 3488 ἐς
586 3407 624 3477 τό
636 3405 840 3495 ἐρημότατον
853 3414 921 3474 τῶν
937 3406 1066 3493 οὐρέων
