2354 3840
238 212 323 268 LIB.
348 211 380 267 11.
411 209 509 267 cAP.
540 211 681 267 83—89.
904 197 965 264 157

60 363 156 448 αὖτις
171 369 345 455 διηθέουσι
358 363 548 452 θυμιήμασι
559 368 810 450 τετριμμένοισι.
837 367 966 430 ἔπειτεν

44 464 156 551 νηδύν
175 465 325 552 σμύρνης
347 461 519 550 ἀκηράτου
540 464 756 549 τετριμμένης
777 464 833 530 καί
846 465 963 546 κασίης

43 573 100 633 τῶν
115 562 227 632 ἄλλων
242 561 453 650 θυωμάτων,
478 559 567 649 πλήν
584 567 788 648 λιβανωτοῦ,
811 561 962 647 πλήσαν·

43 662 261 749 συρράπτουσι
277 658 391 728 ὀπίσω.
422 666 527 728 ταῦτα
541 660 578 728 δέ
592 660 791 748 ποιήσαντες
807 659 963 748 ταριχεύ-

58 767 175 852 λίτρρ,
203 761 392 847 κρύψαντες
405 756 530 847 ἡμέρας
545 760 788 847 ἐβδομήκοντα·
815 766 961 839 πλεῦνας

43 859 144 924 ιύτωυ
161 855 224 925 ούκ
240 862 344 938 ἔξεστι
357 858 553 945 ταριχεύειν.
600 857 702 926 ἐπεὰν
717 862 753 927 δδ
767 863 961 948 παρέλθωσι

43 957 261 1044 θδομήκουτα,
291 956 472 1034 λούσαντες
491 953 552 1024 τόν
571 954 695 1043 νεκρόν
719 963 961 1025 κατειλίσσουσι

46 1053 202 1123 αὐτοῦτὸ
218 1062 313 1140 σῶμα
328 1054 484 1132 σινδόνος
500 1059 661 1141 βυσσίνης
680 1061 844 1139 τελαμῶσι
859 1078 961 1121 κατα-

43 1158 206 1241 ημέυοισι,
236 1151 451 1240 ὑποχρίοντες
467 1159 513 1242 τῷ
527 1152 646 1238 κόμμι,
672 1158 718 1239 τῷ
734 1151 775 1239 δή
792 1151 866 1220 ἀντὶ
881 1150 961 1219 κόλ-

43 1252 80 1319 τό
102 1250 208 1320 πολλοὶ
224 1254 376 1340 χρέονται
397 1252 586 1336 Αἰγύπτιοι.
623 1251 783 1316 ἐνθεῦτεν
800 1250 837 1317 δὲ
852 1273 961 1336 παρα·

42 1356 138 1435 μευοί
148 1375 207 1434 μιν
224 1354 259 1417 οί
270 1350 495 1435 προσήκοντες
511 1352 685 1414 ποιεῦνται
701 1348 838 1427 ξύλιυου
851 1349 961 1415 τύπου

42 1450 231 1534 ιωποειδέα,
257 1448 478 1534 ποιησόμενοι
495 1444 532 1512 δὲ
549 1447 725 1531 ἐσεργνῦσι
744 1446 805 1514 τδυ
824 1443 959 1533 νεκρόυ,

42 1551 308 1629 ιατακληίσαυτες
324 1545 412 1614 οῦτω
423 1551 664 1632 θησαυρίζουσι
679 1549 716 1614 ἐυ
731 1547 883 1635 οίκήματι
894 1557 961 1633 θη·

52 1692 61 1726 ,
90 1644 240 1721 ίστόυτες
255 1641 365 1727 ὀρθόν
380 1641 464 1733 πρός
478 1658 598 1729 τοίχου.
644 1641 733 1712 οὕτω
750 1647 812 1730 μὲν
826 1643 905 1723 τοῦς
919 1640 960 1710 τόι

42 1744 220 1808 ιτελέστατα
241 1743 438 1823 σκευάζουσι
458 1740 617 1827 νεκρούς,
663 1739 743 1818 τούς
763 1740 799 1807 δὲ
820 1738 861 1808 τὰ
877 1744 959 1827 μέσα
974 1758 1007 1814 87

42 1841 202 1924 ,ομέυους,
234 1839 295 1925 τήν
317 1842 353 1908 δὲ
374 1847 592 1923 πολυτελείην
621 1839 809 1924 φεύγοντας
836 1838 960 1906 σκευό·

42 1966 52 2004 ι
71 1930 151 2006 ὦδε·
180 1937 282 2007 ἐπεὰν
301 1939 380 2019 τοῦς
402 1945 589 2026 κλυστῆρας
612 1937 803 2024 πλήσωνται
817 1943 878 2004 τοῦ
893 1933 958 2003 ἀπὸ

42 2065 82 2104 ου
103 2036 280 2123 ἀλείφατος
296 2043 493 2127 γινομένου,
525 2039 562 2104 ἐν
584 2028 632 2102 τόν
653 2041 801 2123 ἔπλησαν
820 2041 882 2102 τοῦ
903 2059 960 2101 νε-

42 2133 121 2223 ἰτήυ
143 2144 290 2225 κοιλίην,
319 2138 396 2208 οῦτε
417 2137 643 2223 ιἰναταμόυτες
666 2133 771 2204 αῦτόν
792 2133 870 2204 οῦτε
890 2137 960 2215 ἐξε-

42 2261 74 2313 ες
91 2232 152 2321 τήν
167 2235 291 2324 νηδύν,
319 2234 402 2306 κατόι
418 2238 455 2304 δὲ
467 2233 530 2322 τήν
544 2237 647 2320 ἕδρην
664 2233 888 2321 ἐσηθήσαντες
904 2236 960 2300 καὶ

41 2337 172 2423 ιβόυτες
186 2335 223 2404 τό
236 2339 367 2424 κλύσμα
382 2345 439 2423 τῆς
454 2334 559 2402 ὀπίσω
576 2330 660 2401 ὁδοῦ
673 2335 885 2419 ταριχεύουσι
901 2331 960 2410 τῦς

41 2436 177 2518 τειμέυας
192 2431 327 2521 ἡμέρας,
349 2441 389 2523 τῇ
405 2435 441 2501 δὲ
455 2438 626 2520 τελευταίη
641 2434 751 2510 ἐξιεῖσι
766 2435 802 2499 ἐκ
816 2438 873 2517 τῆς
887 2454 961 2497 κοι·

43 2526 105 2615 τήν
122 2536 275 2618 κεδρίην,
298 2531 360 2620 τήν
375 2535 498 2618 ἐσῆκαν
513 2529 687 2618 πρότερον.
729 2527 750 2615 ἡ
771 2529 808 2596 δὲ
822 2535 888 2615 ἔχει
902 2553 960 2596 το-
1030 2602 1036 2616 ..

42 2651 85 2711 ηυ
113 2628 259 2714 δύναμιν
285 2627 368 2698 ῦστε
396 2628 464 2715 ἅμα
489 2632 595 2717 ἑωυτῇ
622 2623 684 2714 τήν
711 2626 821 2715 νηδύν
842 2629 898 2696 καὶ
917 2623 957 2694 τό

41 2724 130 2808 ἴγχυα
141 2728 384 2815 κατατετηκότα
396 2728 520 2812 ἐξάγω
539 2724 597 2804 τὰς
611 2729 649 2793 δὲ
659 2727 785 2814 σόρκας
794 2724 958 2813 τὸλίτρου

41 2821 148 2908 τήκει,
177 2827 232 2891 καὶ
249 2823 290 2911 δή
306 2832 451 2895 λείπεται
471 2831 533 2894 τοῦ
549 2832 672 2911 νεκροῦ
692 2823 730 2894 τὸ
749 2830 852 2914 δέρμα
872 2822 958 2911 μοῦ-

41 2922 97 2986 καδ
117 2919 157 2988 τὰ
178 2919 283 2991 ὀστέα.
324 2923 426 2992 ἐπεόιυ
446 2925 483 2992 δὲ
503 2929 607 2990 ταῦτα
620 2922 802 3009 ποιήσωσι,
828 2920 887 2989 ἀπ’
908 2914 957 2989 τόν

42 3042 85 3083 αν
101 3015 189 3083 οῦτω
209 3016 269 3085 τὸν
287 3019 426 3106 νεκρόυ,
456 3016 556 3087 οῦδὲν
574 3024 620 3087 έτι
635 3022 954 3105 πρηγματευθέντες.

57 3121 149 3200 τρίτη
170 3123 355 3202 ταρίχευσίς
371 3119 439 3184 ἐστι
457 3115 534 3203 ήδε,
564 3114 587 3201 ἢ
601 3115 679 3195 τοῦς
693 3115 837 3204 χρήμασι
850 3113 957 3183 όσθε-
970 3131 1005 3187 88

40 3218 131 3297 ε’ρους
146 3214 306 3294 σκευάζει.
350 3220 495 3302 συρμαίῃ
511 3212 734 3300 διηθήσαντες
747 3210 810 3299 τήν
825 3219 956 3299 κοιλίην

40 3310 167 3394 ςεύουσι
185 3307 244 3388 τὰς
266 3312 494 3398 ἑβδομήκοντα
514 3308 655 3398 ἡμέρας,
682 3312 738 3378 καὶ
752 3315 880 3378 ἔπειτεν
894 3307 953 3378 ἀπ’

40 3411 149 3473 δωκαυ
163 3405 404 3491 ἀποφέρεσθαι.
440 3407 506 3488 Τὰς
521 3411 557 3477 δέ
573 3422 735 3494 γυναῖκας
749 3416 817 3477 τόν
832 3410 951 3495 ἐπιφα·
968 3423 1003 3477 89
