2340 3832
109 183 174 245 202
487 191 737 251 HERODOTI

111 348 258 433 νομένου
277 345 458 435 ἀργυρίου,
480 345 518 415 τό
535 351 660 435 ἐγένετο
677 351 714 417 έκ
733 356 801 416 τῶν
823 351 982 436 nem·
1004 353 1110 422 τούτου

111 469 148 512 τε
161 441 202 532 δὴ
216 449 315 533 χωρὶς
328 452 389 514 τοῦ
405 443 569 534 ἀργυρίου
584 449 639 516 καὶ
648 453 712 514 τοῦ
724 450 1021 538 έπιμετρεομθωυ
1033 457 1110 520 σίων

110 547 252 634 προσήιε
267 547 446 616 ἑπτακόσια
460 547 622 617 wizam·
644 553 740 615 σίτου
751 545 818 633 γδρ
834 551 1048 619 δυοκαίδεκα
1059 576 1110 637 μυ·

112 644 644 735 ριάδαςΠεροέωντετοίσιέατῷ
655 643 1109 737 Λευκηῖτείχείτῷέυδέέμηι

111 744 380 830 κατοικημένοισι
396 745 656 832 καταμετρέουσι
669 747 724 812 καὶ
735 759 821 813 τοῖσι
833 746 975 814 τούτων
986 746 1109 816 ἐπικού-

111 863 215 932 ροισι·
239 839 342 928 νομὸς
356 843 449 921 ἕκτος
464 835 571 922 οὗτος.
616 842 831 928 Σατταγύδαι
851 841 889 910 δέ
913 845 974 912 καὶ
990 842 1109 914 Γανδέ·

111 966 178 1029 ριοι
193 942 249 1009 καί
263 943 408 1010 Δαδίκαι
422 966 458 1008 τε
475 941 531 1008 καί
541 937 720 1026 Ἀπαρύται
745 935 905 1017 έςτόυτδ
924 944 1109 1029 τεταγμένα

111 1037 339 1127 ἑβδομήκοντα
361 1040 418 1107 καί
437 1035 557 1106 έκατδυ
578 1039 724 1107 τάίαυτα
748 1041 987 1125 προσέφερον·
1021 1038 1110 1128 νομός

112 1129 211 1216 οὗτος
226 1137 374 1224 ἕβδομος.
403 1133 470 1204 ἀτδ
486 1135 633 1205 Σούσων
653 1139 690 1204 δὲ
705 1139 831 1223 καὶτῆς
848 1135 957 1225 ἀλλης
972 1146 1109 1208 Κισσίη

63 1250 97 1306 92
111 1234 219 1323 χόρης
232 1234 423 1322 τριηκόσια·
444 1231 548 1321 νομός
563 1233 681 1320 όγδοος
696 1225 804 1312 οὗτος.
827 1231 895 1302 ἀπὸ
912 1244 1109 1324 Βαβυίόνος

111 1335 147 1402 δὲ
170 1334 225 1402 καὶ
241 1341 300 1420 τῆς
318 1338 435 1420 λοιπῆς
451 1330 625 1421 Ἀσσυρίης
642 1334 730 1420 χίίιό
751 1336 785 1400 οί
806 1332 955 1422 προσήιε
974 1336 1108 1404 τάλαντα

111 1426 278 1518 ἀργυρίου
291 1433 346 1499 καὶ
358 1435 474 1509 παίδες
489 1433 635 1517 ἐκτομίαι
650 1431 881 1500 πεντακόσιοι·
904 1431 1017 1520 νομὸς
1032 1442 1109 1502 είκα-

110 1559 166 1609 τος
181 1523 287 1609 οὗτος.
316 1527 382 1600 ἀπδ
401 1533 437 1601 δέ
448 1529 661 1620 Ἀγβατάνων
675 1535 730 1601 καὶ
750 1538 809 1618 τῆς
822 1537 947 1618 λοιπῆς
961 1536 1109 1620 Μηδικῆς

112 1633 166 1698 καί
182 1636 398 1714 Παρικανίων
418 1635 473 1700 καὶ
491 1629 827 1720 Ὀρθοκορυβαντίων
847 1631 1066 1720 πεντήκοντά
1081 1654 1108 1698 τε

110 1729 165 1794 καὶ
179 1726 375 1810 τετρακόσια
388 1727 550 1795 τάλαντα·
571 1723 675 1812 νομός
689 1729 824 1804 δέκατος
836 1718 947 1807 οὗτος.
971 1730 1108 1799 Κάσπιοι
1134 1804 1138 1835 Ι

111 1825 146 1892 δέ
161 1825 215 1891 καί
229 1823 360 1890 Πανσοδ
375 1827 429 1891 καὶ
440 1830 656 1911 Παντίμαθοί
665 1850 701 1891 τε
715 1827 770 1892 καὶ
782 1833 947 1910 Δαρεῖται
962 1829 999 1906 ές
1011 1820 1107 1895 τάυτό

110 1923 337 2006 συμφέροντες
352 1921 505 2012 διηκόσια
518 1920 664 1989 τόίαντα
677 1918 876 2006 ἀπαγίνεον·
899 1922 1011 2008 νομός
1026 1921 1107 1992 ένδέ·

109 2045 207 2096 κατος
219 2008 324 2095 οὗτος.
349 2015 415 2086 ἀπὸ
427 2025 645 2104 Βακτριανῶν
655 2021 693 2087 δὲ
704 2021 943 2106 μέγριΑίγλοδν
955 2023 1106 2110 ἑξήκοντα

109 2118 164 2183 καὶ
185 2114 357 2201 τριηκόσια
377 2113 523 2183 τάίαντα
545 2116 650 2202 φόρος
676 2109 735 2203 ἦν·
773 2113 876 2202 νομός
902 2121 1106 2196 δυωδέκατος

61 2229 95 2284 93
110 2208 216 2291 οὗτος.
244 2208 309 2280 ἀπὸ
323 2220 514 2300 Πακτυϊκῆς
534 2216 570 2281 δέ
584 2217 639 2283 καί
650 2214 832 2302 Ἀρμενίων
848 2217 904 2284 καὶ
923 2224 998 2286 τῶν
1011 2237 1105 2304 προσ·

110 2317 210 2402 εχέων
230 2313 324 2399 μέχρι
345 2317 406 2378 τοῦ
427 2309 554 2379 πόντου
577 2319 637 2379 τοῦ
654 2310 818 2392 Εὐξείνου
839 2314 1042 2398 τετρακόσια
1057 2312 1104 2382 τό·

107 2420 228 2480 λαντα·
249 2407 353 2497 υομδς
366 2415 475 2494 τρίτος
491 2411 545 2476 καὶ
559 2410 696 2487 δέκατος
711 2402 817 2486 οὗτος.
840 2405 906 2476 ἀπό
922 2410 960 2478 δέ
975 2421 1105 2499 Σαγαρ-

107 2518 188 2578 τίων
208 2511 263 2578 καὶ
283 2510 490 2595 Σαραγγέων
515 2511 570 2577 καί
589 2515 793 2593 Θαμαναίων
819 2511 873 2575 καὶ
896 2506 1037 2580 Οὐτίων
1060 2512 1105 2579 καὶ

108 2609 242 2675 Μόκων
257 2610 399 2675 καὶτῶν
419 2609 456 2674 έν
475 2613 550 2695 τῇσι
571 2608 702 2694 νήσοισι
724 2608 905 2676 οίκεόντων
925 2617 998 2678 τῶν
1021 2615 1105 2698 έντῇ

103 2702 250 2791 Ἐρυθρῇ
264 2705 437 2791 θαλάσση,
459 2706 497 2771 έυ
512 2711 588 2792 τῇσι
604 2701 683 2783 τούς
698 2702 934 2784 ἀνασπάστους
949 2710 1106 2795 καλεομέ·

106 2828 188 2883 υους
203 2805 377 2880 κατοικίζει
392 2799 564 2889 βασιλεὺς,
581 2799 647 2870 ἀπό
660 2804 791 2871 τοότωυ
802 2802 940 2871 πόντων
956 2808 1106 2886 ἑξακόσια

106 2900 252 2970 τάλαντα
279 2901 405 2984 ἐγένετο
431 2898 552 2986 φόρος·
585 2897 689 2986 νομός
714 2906 869 2985 τέταρτος
893 2905 948 2970 καὶ
974 2908 1107 2982 δέκατος

106 2992 213 3077 οὗτος.
258 2997 370 3066 Σάκαι
385 2997 422 3065 δέ
435 2998 490 3065 καὶ
501 2997 648 3065 Κάσπιοι
664 2999 871 3085 πεντήκοντα
887 3001 943 3066 καὶ
956 3004 1108 3087 διηκόσια

106 3091 243 3178 ἀγίνεον
263 3095 425 3162 τάλαντα·
459 3091 562 3180 νομός
586 3099 733 3180 πέμπτος
757 3097 812 3162 καὶ
837 3096 974 3174 δέκατος
1000 3091 1106 3176 οὗτος.

105 3192 242 3274 Πάρθοι
256 3194 291 3260 δέ
306 3197 361 3262 καὶ
370 3194 556 3280 Χοράσμιοι
572 3197 627 3262 καὶ
638 3194 766 3280 Σόγδοι
779 3221 814 3263 τε
825 3193 999 3280 καδἎριοι
1015 3224 1109 3284 τριη-

56 3304 92 3360 94
106 3288 203 3357 κόσια
218 3290 379 3358 τάλαντα·
403 3289 507 3377 νομός
520 3292 615 3370 ἕκτος
630 3294 685 3360 καὶ
699 3295 835 3372 δέκατος
850 3285 957 3370 οὗτος.
998 3303 1110 3383 Παρι-

105 3388 216 3459 κόνιοι
232 3389 268 3456 δὲ
282 3393 337 3458 καὶ
351 3396 515 3470 Αίθίοπες
529 3396 563 3460 os
578 3393 614 3460 ἐκ
634 3399 692 3479 τῆς
705 3391 813 3479 Ἀσίης
834 3393 1033 3480 τετρακόσια
1049 3395 1109 3464 τό·
