2340 3832
316 212 455 269 6161.
490 210 760 271 emmae-46
1001 208 1040 273 21

39 372 166 440 Ιίίυευεν
181 368 354 459 προσδόκα
366 394 418 438 τοι
432 364 684 455 ἀπονοστήσειν
716 356 906 437 Τοιούτοισι
934 370 1085 437 έπείτελδ

42 458 135 548 οὗτος
151 462 314 554 ἀμείψατο
329 474 494 555 Κροίσου,
515 462 615 555 ήῖσαν
636 464 717 553 μετά
737 472 841 534 ταῦτα
863 467 1041 553 ἐξηρτυμέ-

48 590 92 633 νοι
105 564 226 652 λογάσι
239 589 275 634 τε
273 571 439 688 νεηνίῃσι
454 569 509 634 καί
526 570 612 634 κυσί.
652 560 850 652 ἀπικόμενοι
874 561 911 630 δί
928 557 1015 641 ές
980 586 1041 628 τον

46 660 227 751 Οὔλυμπον
247 659 284 732 τό
306 657 408 752 οὖρος
428 664 560 754 ἐζήτεον
583 661 621 734 τό
644 670 787 755 θηρίον,
825 658 981 748 εὑρόντες
1005 659 1040 727 δὲ

51 766 95 832 καί
104 762 328 852 περιστάντες
351 760 432 832 αὐτὰ
454 765 567 856 κύκλῳ
588 762 810 884 ἐσηκόντιζον.
848 766 934 830 ἔνθα
957 755 998 844 δή
1022 746 1039 826 ὁ

10 907 12 919 ι
52 864 161 948 ξεῖνος,
185 853 285 939 οὗτος
300 856 375 982 δήὸ
396 860 639 951 καθαρθεὶς
604 887 665 930 τον
685 861 815 948 φόνον,
838 855 1041 944 καλεόμενος

52 955 110 1026 6²
102 962 288 1046 Αδρηστος,
315 955 497 1042 ἀκοντίζων
521 957 582 1028 τόν
606 952 651 1027 66
676 966 737 1028 τοῦ
738 953 862 1126 {W
845 955 1039 1046 αμαρτάνει,

52 1056 195 1143 τυγχάνει
217 1056 254 1126 δί
267 1082 329 1126 του
314 1064 493 1147 Κροίσου
508 1059 636 1138 παιδός.
672 1055 691 1126 6
714 1056 753 1144 με
755 1084 776 1124 ν
791 1053 832 1144 δή
848 1057 1039 1144 βληθεὶς
1000 1080 1032 1122 τ
1022 1081 1040 1142 γ

10 1176 13 1207 ³
54 1159 138 1243 αἰχμῇ
151 1156 307 1243 ἐξέπλησε
321 1180 382 1224 του
368 1153 532 1245 ὀνείρου
546 1153 609 1243 τήν
627 1155 756 1277 φήμην,
771 1161 848 1224 ἔθεε
864 1156 903 1222 δέ
913 1181 963 1233 τις
978 1151 1040 1268 ἆγ-

54 1254 163 1339 γελέαν
182 1278 229 1373 τῳ
215 1258 364 1346 Κροί
331 1274 378 1321 σω
399 1281 436 1322 το
425 1250 658 1342 γεγονός,’
639 1253 842 1338 απικόμενος
861 1249 897 1318 δὲ
928 1253 961 1328 ές
982 1246 1040 1327 τοίς

10 1388 12 1395 ⁸
42 1346 221 1439 ’Σάρδις’
179 1377 243 1440 την
256 1377 291 1420 τε
308 1352 417 1441 μάχην
431 1349 533 1420 καί
499 1377 560 1420 τον
573 1377 634 1420 του
619 1347 768 1430 παιδός
782 1348 890 1437 μόρον
899 1344 1044 1438 ἐσήμηνέ

55 1455 88 1519 υἰ
109 1450 195 1521 06
209 1458 370 1540 Κροῖσος,
392 1459 438 1543 τῳ
460 1452 600 1546 θανάτῳ
620 1458 682 1519 τοῦ
703 1447 822 1530 παιδὸς
836 1469 1040 1536 συντεταρα-
1021 1455 1084 1510 -44

56 1554 177 1673 γμέηος,
191 1550 321 1674 μᾶλλόν
337 1577 368 1619 τι
385 1519 676 1638 έδεινολογέετο,”
656 1576 706 1618 οτι
720 1576 779 1636 μιν
795 1542 1015 1618 ἀπέκτεινε
980 1570 1041 1614 τον

41 1645 141 1730 -υότός
161 1649 273 1738 φόνου
296 1651 451 1739 ἐκάθηρε.
495 1652 742 1739 περιημεκτέων
765 1648 801 1717 δέ
821 1656 862 1738 τῇ
883 1668 1042 1758 συμφορή

10 1808 12 1818 ,
56 1750 158 1829 δεινῶς
181 1749 296 1819 έκάλεε
320 1749 383 1837 μὲν
402 1757 470 1818 Δία
494 1749 701 1838 καθάρσιον,
724 1746 977 1834 μαρτυρόμενος
1001 1740 1042 1810 66

10 1896 11 1900 =
57 1842 111 1915 ότδ
128 1854 189 1917 τοῦ
213 1852 325 1929 ξείνου
346 1847 526 1973 πεπονθώς
548 1858 616 1937 εἰη,
642 1849 756 1918 έκάλεε
779 1846 815 1915 δὲ
835 1843 984 1914 ἐπίστιόν
1007 1867 1042 1911 τε

56 1945 100 2015 καί
112 1946 293 2038 ἑταιρήιον,
305 1946 431 2031 [τόν’
389 1946 495 2018 αυτόν
510 1956 631 2017 τοῦτον
648 1945 845 2034 οὐνομάζων
859 1938 1015 2036 θεόν],
981 1969 1042 2012 τον

10 2088 12 2099 ι
55 2040 106 2127 μίυ
123 2047 271 2114 ἐπίστιον
291 2049 437 2135 καλέων,
463 2047 549 2116 διότι
577 2044 618 2134 δή
641 2052 775 2115 οἰκίοισι
796 2041 1044 2130 ὑποδεξάμενος

10 2160 13 2179 ¹
55 2135 104 2209 τόν
116 2144 225 2223 ξεῖνον
238 2146 346 2265 φονέα
359 2151 421 2213 τοῦ
435 2141 556 2224 παιδός
575 2144 743 2214 έλάνθανε
758 2143 910 2231 βόσκων,
932 2137 993 2209 τόν
1007 2140 1043 2208 δὲ

55 2237 257 2329 &writers
233 2267 277 2321 ως
286 2238 439 2328 ῳνλακον
454 2245 653 2329 συμπέμψας
667 2238 773 2311 αὐτόν
789 2238 925 2329 εὑρήκοι
943 2246 1043 2307 πολε·

10 2379 13 2411 :
53 2338 215 2420 μότατον.
256 2347 420 2429 Παρήσαν
440 2342 476 2412 δὲ
498 2339 579 2430 μετά
601 2349 701 2411 τοῦτο
716 2346 750 2410 oc
763 2344 869 2409 Λυδοί
884 2341 1043 2458 φέροντες
1053 2355 1088 2408 τό

50 2428 103 2501 τόν
115 2435 255 2526 νεκρόν,
270 2435 393 2507 ὄπισθε
408 2439 444 2508 δέ
460 2441 572 2510 εἵπετό
587 2438 648 2509 οῖ’
634 2467 652 2509 ο
669 2439 804 2526 φονεύς.
836 2434 916 2516 στάς
930 2425 1024 2503 δί
982 2460 1043 2501 ον-

53 2554 97 2612 υος
115 2532 179 2624 πρό
203 2541 265 2604 606
288 2544 413 2624 νεκροῦ
436 2541 658 2626 παρεδίδον’
642 2534 769 2606 εωυτόν
782 2540 934 2624 Κροίσῳ,
958 2554 1044 2619 προ-

40 2629 209 2700 ,τείνων
170 2658 231 2711 τας
243 2646 370 2722 χεῖρας,
392 2635 654 2722 ἰπικατασῳάξαι
676 2661 736 2720 μιν
755 2631 904 2704 κελεύων
925 2657 971 2721 τῳ
986 2654 1043 2698 νε-,

50 2734 126 2820 τυρῷ,
149 2731 319 2816 λέγων’
278 2756 341 2821 την
361 2759 396 2802 τε
418 2737 584 2823 προτέρην
608 2735 736 2802 έωντοῦ
765 2728 962 2821 συμφορήν,
988 2729 1043 2798 καί

49 2821 87 2906 εἰς
109 2826 161 2897 ἐπ’
183 2828 350 2920 ἐκείνη
315 2857 377 2902 ,τον
397 2832 596 2920 καθήραντα
622 2828 842 2909 άπολωλεκείς
869 2840 936 2916 εἰη,
964 2823 1046 2896 οὐδέ

31 2926 77 2993 ..υἰ
97 2933 145 3012 εἰη
174 2925 348 3014 βιώσιμον
391 2934 536 3016 Κροῖσος
557 2929 593 2999 δὲ
615 2930 746 2998 τούτων
767 2927 913 3006 άκοόσας
932 2926 1042 2996 τόντε

47 3016 225 3112 ’Ἄδρηστον
250 3034 485 3115 κατοικτείρει,
511 3034 630 3117 καίπερ
659 3025 724 3096 ἐάν
750 3031 787 3096 έν
811 3032 902 3118 κακῷ
929 3029 1043 3116 οἰκηίῳ

45 3124 204 3216 ιυσοότῳ,
229 3130 284 3195 καί
299 3132 388 3214 λέγει
404 3126 488 3219 πρός
504 3126 627 3198 αὐτόν·
660 3125 762 3215 Ἔγω,
780 3120 925 3214 άξείνε,
953 3121 1043 3213 παρά

42 3231 99 3294 σεῦ
113 3232 225 3294 πᾶσαν
240 3224 303 3314 τήν
317 3232 425 3316 δίκην,
444 3227 556 3318 ἐπειδή
573 3234 723 3299 σεωυτοῦ
740 3226 965 3308 καταδικάζεις
975 3225 1045 3294 θά-

41 3348 152 3392 υατον.
192 3324 238 3405 εἰς
253 3325 343 3395 δε’
303 3353 345 3396 ον
367 3330 411 3396 66
425 3355 481 3416 μοι
499 3334 599 3399 τοῦδε
612 3333 674 3398 τοῦ
688 3333 795 3396 κακοῦ
812 3336 932 3412 αἰτιος,
954 3329 985 3392 εί
997 3319 1043 3410 μή

39 3414 122 3489 ὅσον
137 3417 247 3490 άέκων
261 3427 458 3513 ἐξεργάσαο,
480 3422 565 3494 ἀλλὰ
579 3420 673 3495 θεῶν
693 3424 757 3493 κοό
778 3449 844 3512 τις,
867 3421 904 3502 ὅς
918 3446 974 3508 μοι
989 3421 1044 3487 καί
