2354 3840
438 200 688 260 HERODOTI

69 361 232 450 Τεγεήτας
258 360 408 448 μούνους
433 363 665 446 προσέπταιον.
708 355 744 424 τό
766 358 802 426 δέ
830 363 878 426 ἔτι
898 357 1067 446 πρότερα,
1097 409 1102 468 ,

64 462 196 528 τούτων
213 460 267 527 καὶ
282 456 554 543 κακονομώτατοι
570 449 658 543 ήσαν
672 454 792 543 σχεδόν
807 454 1063 544 πάντωνἙλλή·
1096 492 1102 562 ι,

65 584 135 625 νων
157 555 240 623 κατά
260 581 295 625 τε
319 557 422 642 σφέας
446 551 569 634 αύτούς
593 556 648 622 καὶ
669 559 807 636 ξείνοισι
833 552 1061 642 άπρόσμικτοα

65 660 245 744 μετέβαλον
261 656 296 724 δὲ
311 645 376 724 ὦδε
393 654 427 733 ἐς
444 650 621 739 εὐνομίην·
647 653 851 741 Λυκούργου
867 659 1024 720 τῶνΣπα

64 757 201 839 τιητέων
222 758 362 839 δοκίμου
384 749 507 840 άνδρδς
529 751 689 830 ἐλθόντος
715 752 749 830 ἐς
767 749 925 838 Δελφούς
953 753 1008 818 ἐπὶ
1027 774 1060 821 τε
1094 816 1102 863 ε

64 852 284 943 χρηστήριον,
308 849 353 932 ὡς
374 851 463 939 ἐσήιε
493 854 531 936 ἐς
548 849 585 919 τδ
608 854 772 939 μέγαρον,
804 848 922 939 ίθδςή
948 856 1062 939 ΠυθίηΙ
1095 896 1102 960 χ

65 957 153 1042 λέγει
168 955 263 1024 τάδε·

134 1051 258 1139 Ἥκεις,
275 1043 302 1120 ά
318 1051 505 1138 Λυκόοργε,
523 1046 605 1136 έμδν
621 1051 696 1118 ποτὶ
710 1055 810 1118 πίονα
825 1049 911 1144 νηόν
950 1090 953 1096 -

143 1152 223 1237 Ζηνὶ
240 1155 336 1235 φίλος
350 1151 405 1216 καὶ
419 1155 523 1216 πᾶσιν
536 1146 698 1235 Ὀλύμπια
712 1145 837 1234 δείματ’
857 1151 979 1233 ἔχουσι.

144 1252 244 1332 Δίζω,
262 1243 332 1334 ήσε
349 1245 434 1316 θεδν
450 1246 677 1334 μαντεύσομαι
692 1243 714 1333 ή
731 1243 933 1332 άνθρωπου·

141 1345 229 1415 Ἀλλ’
250 1353 296 1415 ἔτι
312 1349 508 1433 καὶμᾶλλον
525 1344 611 1413 θεόν
626 1350 776 1432 ἔλπομαι,
793 1337 820 1413 ά
838 1344 1022 1434 Λυκόοργε.
1095 1410 1102 1448 Ι

63 1450 107 1516 Ol
119 1446 181 1531 μὲν
196 1441 237 1531 δή
251 1468 339 1520 τινες
356 1440 439 1530 πρὸς
450 1443 597 1511 τούτοισι
612 1445 746 1528 λέγουσι
759 1445 813 1511 καί
830 1444 957 1532 φράσαι
969 1441 1056 1535 αὐτῷ
1096 1488 1102 1546 χ

61 1541 123 1632 τήν
139 1547 278 1626 Πυθίην
293 1537 352 1608 τόν
373 1545 438 1607 νῦν
454 1546 655 1608 κατεστεῶτα
677 1540 805 1627 κόσμου
819 1542 1055 1632 Σπαρτιήτῃσι,
1096 1606 1102 1644 Ι

63 1640 106 1721 ὡς
123 1639 155 1708 δ’
175 1637 270 1708 αὐτοὶ
282 1639 541 1726 Λακεδαιμόνιοι
556 1640 701 1726 λέγουσι,
715 1647 915 1730 Λυκούργου
927 1645 1055 1731 ἐπιτρο-

62 1739 232 1808 πεύσαντα
255 1735 459 1824 Λεωβώτεω,
489 1734 690 1823 άδελφιδέου
715 1737 778 1823 μὲν
798 1740 939 1828 έωυτού,
960 1747 1057 1828 βασι·

62 1837 219 1914 λεύοντος
237 1835 273 1902 δὲ
283 1843 531 1924 Σπαρτιητέων,
550 1837 585 1903 ἐκ
597 1834 729 1923 Κρήτης
744 1832 928 1922 ἀγαγέσθαι
943 1843 1054 1905 ταῦτα.
1098 1854 1101 1859 “

63 1933 107 2015 ὡς
122 1931 187 2022 γάρ
204 1932 424 2017 ἐπετρόπευσε
435 1934 580 2022 τάχιστα,
596 1940 769 2022 μετέστησε
783 1932 822 2002 τά
835 1935 959 2024 νόμιμα
971 1935 1057 2005 πάν·
1100 1974 1102 1983 ·

62 2060 112 2118 τα,
131 2033 185 2100 καὶ
202 2030 345 2118 ἐφύλαξε
362 2037 465 2100 ταῦτα
488 2030 532 2119 μή
555 2039 783 2121 παραβαίνειν.
816 2032 896 2119 μετὰ
919 2035 955 2102 δέ
970 2031 1067 2113 τᾶἐς,
1100 2103 1102 2135 ρ

62 2131 209 2216 πόλεμον
224 2135 351 2214 ἔχοντα,
368 2130 546 2215 ἐνωμοτίας
563 2131 617 2197 καλ
631 2129 810 2223 τριηκάδας
825 2133 878 2198 καί
895 2136 1057 2219 συσσίτια,

60 2228 143 2315 πρός
158 2253 192 2295 τε
208 2225 355 2295 τούτοισι
367 2223 446 2306 τούς
460 2227 605 2314 ἐφόρους
620 2230 674 2296 καὶ
692 2231 849 2317 γέροντας
865 2233 1063 2316 ἐστησεΛνό·

26 2331 213 2410 λᾶκούργος.
258 2323 358 2392 Οὕτω
379 2324 442 2410 μὲν
464 2325 706 2413 μεταβαλόντες
729 2323 987 2415 εὐνομήθησαν,
1015 2334 1058 2418 τβ

62 2427 97 2491 δὲ
111 2421 298 2511 Λυκούργῳ
310 2421 541 2509 τελευτήσαντι
556 2420 632 2512 ι’ρδν
648 2425 815 2511 εἱσάμενοι
830 2427 985 2512 σέβονται
1000 2450 1059 2517 με·

62 2519 178 2607 γάλως.
196 2515 249 2588 οία
264 2520 300 2587 δὲ
317 2525 354 2588 ἔν
367 2545 403 2588 τε
417 2522 508 2610 χάρη
522 2519 636 2611 άγαθή
652 2525 706 2590 καί
721 2522 845 2610 πλήθει·
858 2519 920 2592 ούκ
935 2520 1077 2612 ὀλίγωνΙ

61 2615 207 2704 άνδρῶυ,
224 2615 290 2685 άνά
305 2643 340 2684 τε
356 2622 501 2705 ἔδραμον
516 2617 635 2709 αὐτίκα
650 2623 704 2689 καὶ
719 2619 975 2710 εὐθηνήθησαν.
1006 2620 1072 2693 καί

62 2711 103 2801 δή
120 2733 180 2799 σφι
195 2710 304 2782 οὐκέτι
320 2711 443 2804 ἀπέχρα
458 2714 599 2807 ἡσυχίην
616 2715 727 2806 άγειυ,
744 2716 828 2788 άλλά
844 2720 1075 2812 καταφρονήι·

61 2811 351 2900 σαντεςἉρκάδωυ
358 2820 533 2906 κρέσσονες
542 2817 625 2886 εἶναι
633 2820 923 2906 ἐχρηστηριάζοντο
931 2823 1058 2898 ἐυΔελ·
1071 2854 1079 2891 .·

62 2910 1059 3007 φοϊσιἐπίπάσητήἈρκάδωνχύρηήδέΠυθίησφιχρᾷτάδε·

98 3005 274 3096 ’Λρκαδίην
289 3007 319 3096 μ’
338 3015 453 3095 αἰτείςς
469 3014 551 3100 μέγα
568 3011 598 3099 μ’
616 3019 731 3092 αίτείς·
748 3011 791 3081 ού
806 3039 857 3082 τοι
873 3013 983 3084 δύσω.
1025 3032 1028 3037 “

98 3111 222 3178 Πολλοὶ
238 3111 274 3177 έν
285 3107 438 3203 ’Λρκαδίη
452 3115 685 3202 βαλανηφάγοι
701 3112 820 3202 άνδρές
838 3121 942 3204 ἔασιν,
1064 3124 1069 3131 ’

104 3206 149 3272 Οἵ
161 3200 194 3270 σ’
211 3201 499 3279 ἀποκωλύσουσιν.
531 3209 594 3298 έγά
611 3215 650 3280 δέ
664 3211 713 3281 τοι
729 3211 802 3282 ούτι
816 3220 976 3304 μεγαίρω.
1072 3210 1075 3217 ’

101 3300 211 3372 Δάσω
226 3331 276 3373 τοι
298 3311 421 3395 Τεγέην
439 3303 659 3400 ποσσίκροτον
675 3310 880 3401 ὀρχήσασθαι

102 3404 166 3471 Καὶ
180 3402 285 3472 καλδυ
301 3410 416 3475 πεδίον
430 3416 550 3502 σχοίνῳ
567 3413 860 3500 διαμετρήσασθαι.
