<?xml version="1.0" encoding="UTF-8"?>
<!DOCTYPE html PUBLIC "-//W3C//DTD XHTML 1.0 Transitional//EN"
    "http://www.w3.org/TR/xhtml1/DTD/xhtml1-transitional.dtd">
<html xmlns="http://www.w3.org/1999/xhtml" xml:lang="en" lang="en">
 <head>
  <title>
</title>
<meta http-equiv="Content-Type" content="text/html;charset=utf-8" />
  <meta name='ocr-system' content='tesseract 3.04.00' />
  <meta name='ocr-capabilities' content='ocr_page ocr_carea ocr_par ocr_line ocrx_word'/>
</head>
<body>
  <div class='ocr_page' id='page_1' title='image "./herodotihistori03herogoog_0012.png"; bbox 0 0 2354 3840; ppageno 0'>
   <div class='ocr_carea' id='block_1_1' title="bbox 10 219 1103 3517">
    <p class='ocr_par' dir='ltr' id='par_1_1' title="bbox 10 219 1103 3517">
     <span class='ocr_line' id='line_1_1' title="bbox 10 219 1059 343; baseline 0.008 -68"><span class='ocrx_word' id='word_1_1' title='bbox 10 290 14 343; x_wconf 48' lang='grc' dir='ltr'>Ι</span> <span class='ocrx_word' id='word_1_2' title='bbox 339 219 428 277; x_wconf 70' lang='grc' dir='ltr'><strong><em>ιῐΒ.</em></strong></span> <span class='ocrx_word' id='word_1_3' title='bbox 461 220 482 275; x_wconf 92' lang='lat'><strong><em>1.</em></strong></span> <span class='ocrx_word' id='word_1_4' title='bbox 516 219 615 277; x_wconf 78' lang='lat' dir='ltr'><strong>GAP.</strong></span> <span class='ocrx_word' id='word_1_5' title='bbox 649 224 773 282; x_wconf 53' lang='lat' dir='ltr'>52-1u</span> <span class='ocrx_word' id='word_1_6' title='bbox 1039 220 1059 282; x_wconf 77' lang='lat'><strong>5</strong></span> 
     </span>
     <span class='ocr_line' id='line_1_2' title="bbox 10 348 1061 470; baseline 0.002 -25"><span class='ocrx_word' id='word_1_7' title='bbox 10 348 14 417; x_wconf 50' lang='grc' dir='ltr'>ἶ</span> <span class='ocrx_word' id='word_1_8' title='bbox 59 380 191 446; x_wconf 77' lang='grc' dir='ltr'><strong><em>πασέων</em></strong></span> <span class='ocrx_word' id='word_1_9' title='bbox 206 381 396 462; x_wconf 89' lang='grc' dir='ltr'><strong><em>καλλίστην.</em></strong></span> <span class='ocrx_word' id='word_1_10' title='bbox 431 371 514 443; x_wconf 81' lang='grc' dir='ltr'><strong><em>ώστε</em></strong></span> <span class='ocrx_word' id='word_1_11' title='bbox 530 377 565 444; x_wconf 74' lang='grc' dir='ltr'><strong><em>δὲ</em></strong></span> <span class='ocrx_word' id='word_1_12' title='bbox 583 385 687 446; x_wconf 84' lang='grc' dir='ltr'><strong><em>ταῦτα</em></strong></span> <span class='ocrx_word' id='word_1_13' title='bbox 701 386 861 468; x_wconf 65' lang='grc' dir='ltr'><strong><em>νομιζειν,</em></strong></span> <span class='ocrx_word' id='word_1_14' title='bbox 883 373 928 470; x_wconf 79' lang='grc' dir='ltr'><strong><em>ἦν</em></strong></span> <span class='ocrx_word' id='word_1_15' title='bbox 943 381 1009 468; x_wconf 81' lang='grc' dir='ltr'><strong><em>γάρ</em></strong></span> <span class='ocrx_word' id='word_1_16' title='bbox 1027 384 1061 447; x_wconf 73' lang='lat' dir='ltr'><strong><em>ol</em></strong></span> 
     </span>
     <span class='ocr_line' id='line_1_3' title="bbox 10 470 1058 564; baseline 0.001 -21"><span class='ocrx_word' id='word_1_17' title='bbox 10 488 13 543; x_wconf 77' lang='grc' dir='ltr'><strong><em>λ</em></strong></span> <span class='ocrx_word' id='word_1_18' title='bbox 58 482 120 543; x_wconf 84' lang='grc' dir='ltr'><strong><em>τώι</em></strong></span> <span class='ocrx_word' id='word_1_19' title='bbox 140 475 357 562; x_wconf 79' lang='grc' dir='ltr'><strong><em>αἰχμοφόρων</em></strong></span> <span class='ocrx_word' id='word_1_20' title='bbox 367 474 481 559; x_wconf 81' lang='grc' dir='ltr'><em>Γύγης</em></span> <span class='ocrx_word' id='word_1_21' title='bbox 494 470 512 539; x_wconf 85' lang='grc' dir='ltr'>ὁ</span> <span class='ocrx_word' id='word_1_22' title='bbox 524 474 708 545; x_wconf 76' lang='grc' dir='ltr'><strong><em>Δασκύλου</em></strong></span> <span class='ocrx_word' id='word_1_23' title='bbox 723 474 945 564; x_wconf 82' lang='grc' dir='ltr'><strong><em>ἀρεσκόμενος</em></strong></span> <span class='ocrx_word' id='word_1_24' title='bbox 959 480 1058 564; x_wconf 85' lang='grc' dir='ltr'><strong><em>μόλι-</em></strong></span> 
     </span>
     <span class='ocr_line' id='line_1_4' title="bbox 10 570 1059 665; baseline -0.002 -20"><span class='ocrx_word' id='word_1_25' title='bbox 10 576 13 645; x_wconf 75' lang='grc' dir='ltr'><strong><em>ῗ</em></strong></span> <span class='ocrx_word' id='word_1_26' title='bbox 56 594 134 660; x_wconf 93' lang='grc' dir='ltr'><strong><em>στα,</em></strong></span> <span class='ocrx_word' id='word_1_27' title='bbox 149 575 257 665; x_wconf 77' lang='grc' dir='ltr'><strong><em>τούτῳ</em></strong></span> <span class='ocrx_word' id='word_1_28' title='bbox 274 582 319 665; x_wconf 76' lang='grc' dir='ltr'><strong><em>τῷ</em></strong></span> <span class='ocrx_word' id='word_1_29' title='bbox 330 573 426 659; x_wconf 84' lang='grc' dir='ltr'><strong><em>Γύγη</em></strong></span> <span class='ocrx_word' id='word_1_30' title='bbox 437 574 491 639; x_wconf 84' lang='grc' dir='ltr'><strong><em>καὶ</em></strong></span> <span class='ocrx_word' id='word_1_31' title='bbox 501 570 542 639; x_wconf 87' lang='grc' dir='ltr'><strong><em>τά</em></strong></span> <span class='ocrx_word' id='word_1_32' title='bbox 555 577 816 659; x_wconf 88' lang='grc' dir='ltr'><strong><em>σπουδαιέστερα</em></strong></span> <span class='ocrx_word' id='word_1_33' title='bbox 825 583 893 645; x_wconf 83' lang='grc' dir='ltr'><strong><em>τών</em></strong></span> <span class='ocrx_word' id='word_1_34' title='bbox 904 576 1059 664; x_wconf 86' lang='grc' dir='ltr'><strong><em>πρηγμά-</em></strong></span> 
     </span>
     <span class='ocr_line' id='line_1_5' title="bbox 10 664 1059 759; baseline 0 -19"><span class='ocrx_word' id='word_1_35' title='bbox 10 664 14 717; x_wconf 73' lang='grc' dir='ltr'><strong><em>Ῐ</em></strong></span> <span class='ocrx_word' id='word_1_36' title='bbox 41 683 123 740; x_wconf 88' lang='grc' dir='ltr'><strong><em>’των</em></strong></span> <span class='ocrx_word' id='word_1_37' title='bbox 143 670 360 757; x_wconf 77' lang='grc' dir='ltr'><strong><em>ὑπερετίθετο</em></strong></span> <span class='ocrx_word' id='word_1_38' title='bbox 385 669 403 738; x_wconf 84' lang='grc' dir='ltr'>ὁ</span> <span class='ocrx_word' id='word_1_39' title='bbox 420 671 621 755; x_wconf 85' lang='grc' dir='ltr'><strong><em>Κανδαύλης</em></strong></span> <span class='ocrx_word' id='word_1_40' title='bbox 642 675 697 739; x_wconf 79' lang='grc' dir='ltr'><strong><em>καὶ</em></strong></span> <span class='ocrx_word' id='word_1_41' title='bbox 719 669 829 758; x_wconf 81' lang='grc' dir='ltr'><strong><em>δήκαὶ</em></strong></span> <span class='ocrx_word' id='word_1_42' title='bbox 849 672 885 741; x_wconf 85' lang='grc' dir='ltr'>τό</span> <span class='ocrx_word' id='word_1_43' title='bbox 903 674 988 752; x_wconf 83' lang='grc' dir='ltr'><strong><em>εἶδος</em></strong></span> <span class='ocrx_word' id='word_1_44' title='bbox 1002 679 1059 759; x_wconf 83' lang='grc' dir='ltr'><strong><em>τῆς</em></strong></span> 
     </span>
     <span class='ocr_line' id='line_1_6' title="bbox 56 767 1059 856; baseline -0.002 -17"><span class='ocrx_word' id='word_1_45' title='bbox 56 768 219 856; x_wconf 86' lang='grc' dir='ltr'><strong><em>γυναικός</em></strong></span> <span class='ocrx_word' id='word_1_46' title='bbox 233 767 494 855; x_wconf 77' lang='grc' dir='ltr'><strong><em>ὑπερεπαινέων.</em></strong></span> <span class='ocrx_word' id='word_1_47' title='bbox 517 769 643 854; x_wconf 88' lang='grc' dir='ltr'><strong><em>χρόνον</em></strong></span> <span class='ocrx_word' id='word_1_48' title='bbox 659 769 694 837; x_wconf 73' lang='grc' dir='ltr'><strong><em>δὲ</em></strong></span> <span class='ocrx_word' id='word_1_49' title='bbox 709 767 751 836; x_wconf 87' lang='grc' dir='ltr'><strong><em>οὑ</em></strong></span> <span class='ocrx_word' id='word_1_50' title='bbox 762 777 889 839; x_wconf 83' lang='grc' dir='ltr'><strong><em>πολλοῦ</em></strong></span> <span class='ocrx_word' id='word_1_51' title='bbox 901 771 1059 840; x_wconf 88' lang='grc' dir='ltr'><strong><em>διελθόν-</em></strong></span> 
     </span>
     <span class='ocr_line' id='line_1_7' title="bbox 55 865 1059 957; baseline -0.001 -21"><span class='ocrx_word' id='word_1_52' title='bbox 55 896 110 947; x_wconf 91' lang='grc' dir='ltr'><strong><em>τος</em></strong></span> <span class='ocrx_word' id='word_1_53' title='bbox 135 875 232 957; x_wconf 79' lang='grc' dir='ltr'><strong><em>’χρῆν</em></strong></span> <span class='ocrx_word' id='word_1_54' title='bbox 255 865 320 954; x_wconf 85' lang='grc' dir='ltr'><strong><em>γάρ</em></strong></span> <span class='ocrx_word' id='word_1_55' title='bbox 335 867 519 955; x_wconf 74' lang='grc' dir='ltr'><strong><em>Κανδαύλῃ</em></strong></span> <span class='ocrx_word' id='word_1_56' title='bbox 535 869 694 952; x_wconf 88' lang='grc' dir='ltr'><strong><em>γενέσθαι</em></strong></span> <span class='ocrx_word' id='word_1_57' title='bbox 716 875 838 947; x_wconf 64' lang='grc' dir='ltr'><strong><em>κακῶς*</em></strong></span> <span class='ocrx_word' id='word_1_58' title='bbox 861 875 953 956; x_wconf 78' lang='grc' dir='ltr'><strong><em>ἔλεγε</em></strong></span> <span class='ocrx_word' id='word_1_59' title='bbox 975 866 1059 953; x_wconf 83' lang='grc' dir='ltr'><strong><em>πρὸς</em></strong></span> 
     </span>
     <span class='ocr_line' id='line_1_8' title="bbox 10 963 1062 1052; baseline 0.001 -17"><span class='ocrx_word' id='word_1_60' title='bbox 10 972 12 977; x_wconf 79' lang='grc'><strong>’</strong></span> <span class='ocrx_word' id='word_1_61' title='bbox 56 965 116 1035; x_wconf 86' lang='grc' dir='ltr'><strong><em>τὸν</em></strong></span> <span class='ocrx_word' id='word_1_62' title='bbox 134 967 253 1052; x_wconf 91' lang='grc' dir='ltr'><strong><em>Γύγην</em></strong></span> <span class='ocrx_word' id='word_1_63' title='bbox 268 966 398 1031; x_wconf 90' lang='grc' dir='ltr'><strong><em>τοιάδε·</em></strong></span> <span class='ocrx_word' id='word_1_64' title='bbox 424 965 536 1051; x_wconf 91' lang='grc' dir='ltr'><strong><em>Γύγη,</em></strong></span> <span class='ocrx_word' id='word_1_65' title='bbox 560 963 602 1031; x_wconf 90' lang='grc' dir='ltr'><strong><em>ού</em></strong></span> <span class='ocrx_word' id='word_1_66' title='bbox 624 966 689 1051; x_wconf 88' lang='grc' dir='ltr'><strong><em>γάρ</em></strong></span> <span class='ocrx_word' id='word_1_67' title='bbox 707 986 744 1032; x_wconf 93' lang='grc' dir='ltr'><strong><em>σε</em></strong></span> <span class='ocrx_word' id='word_1_68' title='bbox 758 971 864 1036; x_wconf 88' lang='grc' dir='ltr'><strong><em>δοκέω</em></strong></span> <span class='ocrx_word' id='word_1_69' title='bbox 879 976 1062 1039; x_wconf 87' lang='grc' dir='ltr'><strong><em>πείθεσθαί</em></strong></span> 
     </span>
     <span class='ocr_line' id='line_1_9' title="bbox 56 1059 1060 1153; baseline 0.003 -22"><span class='ocrx_word' id='word_1_70' title='bbox 56 1091 113 1149; x_wconf 91' lang='grc' dir='ltr'><strong><em>μοι</em></strong></span> <span class='ocrx_word' id='word_1_71' title='bbox 129 1069 261 1149; x_wconf 89' lang='grc' dir='ltr'><strong><em>λέγοντι</em></strong></span> <span class='ocrx_word' id='word_1_72' title='bbox 275 1065 350 1149; x_wconf 84' lang='grc' dir='ltr'><strong><em>περὶ</em></strong></span> <span class='ocrx_word' id='word_1_73' title='bbox 364 1069 426 1130; x_wconf 83' lang='grc' dir='ltr'><strong><em>τοῦ</em></strong></span> <span class='ocrx_word' id='word_1_74' title='bbox 442 1068 547 1141; x_wconf 85' lang='grc' dir='ltr'><strong><em>είδεος</em></strong></span> <span class='ocrx_word' id='word_1_75' title='bbox 560 1070 618 1149; x_wconf 79' lang='grc' dir='ltr'><strong><em>τῆς</em></strong></span> <span class='ocrx_word' id='word_1_76' title='bbox 632 1062 793 1149; x_wconf 84' lang='grc' dir='ltr'><strong><em>γυναικός</em></strong></span> <span class='ocrx_word' id='word_1_77' title='bbox 809 1059 891 1135; x_wconf 77' lang='grc' dir='ltr'><strong><em>’ώτα</em></strong></span> <span class='ocrx_word' id='word_1_78' title='bbox 902 1065 967 1153; x_wconf 75' lang='grc' dir='ltr'><strong><em>γὰρ</em></strong></span> <span class='ocrx_word' id='word_1_79' title='bbox 978 1093 1060 1152; x_wconf 89' lang='grc' dir='ltr'><strong><em>τυγ-</em></strong></span> 
     </span>
     <span class='ocr_line' id='line_1_10' title="bbox 56 1159 1060 1251; baseline 0.001 -20"><span class='ocrx_word' id='word_1_80' title='bbox 56 1164 150 1250; x_wconf 87' lang='grc' dir='ltr'><strong><em>χάνει</em></strong></span> <span class='ocrx_word' id='word_1_81' title='bbox 166 1160 379 1248; x_wconf 74' lang='grc' dir='ltr'><strong><em>ἀνθρώποισι</em></strong></span> <span class='ocrx_word' id='word_1_82' title='bbox 394 1163 493 1230; x_wconf 85' lang='grc' dir='ltr'><strong><em>έόντα</em></strong></span> <span class='ocrx_word' id='word_1_83' title='bbox 508 1159 709 1248; x_wconf 79' lang='grc' dir='ltr'><strong><em>ἀπιστότερα</em></strong></span> <span class='ocrx_word' id='word_1_84' title='bbox 724 1160 927 1251; x_wconf 74' lang='grc' dir='ltr'><strong><em>ὀφθαλμῶν·</em></strong></span> <span class='ocrx_word' id='word_1_85' title='bbox 968 1172 1060 1232; x_wconf 86' lang='grc' dir='ltr'><strong><em>ποίεε</em></strong></span> 
     </span>
     <span class='ocr_line' id='line_1_11' title="bbox 57 1258 1060 1351; baseline 0.001 -22"><span class='ocrx_word' id='word_1_86' title='bbox 57 1262 144 1340; x_wconf 85' lang='grc' dir='ltr'><strong><em>ὅκως</em></strong></span> <span class='ocrx_word' id='word_1_87' title='bbox 155 1263 287 1346; x_wconf 81' lang='grc' dir='ltr'><strong><em>ἐκείνην</em></strong></span> <span class='ocrx_word' id='word_1_88' title='bbox 299 1260 445 1348; x_wconf 86' lang='grc' dir='ltr'><strong><em>θηήσεαι</em></strong></span> <span class='ocrx_word' id='word_1_89' title='bbox 456 1261 599 1346; x_wconf 86' lang='grc' dir='ltr'><strong><em>γυμνήν.</em></strong></span> <span class='ocrx_word' id='word_1_90' title='bbox 614 1258 650 1327; x_wconf 90' lang='lat'><strong><em>‘0</em></strong></span> <span class='ocrx_word' id='word_1_91' title='bbox 663 1261 698 1328; x_wconf 74' lang='grc' dir='ltr'><strong><em>δὲ</em></strong></span> <span class='ocrx_word' id='word_1_92' title='bbox 709 1266 793 1347; x_wconf 90' lang='grc' dir='ltr'><strong><em>μέγα</em></strong></span> <span class='ocrx_word' id='word_1_93' title='bbox 804 1261 962 1351; x_wconf 75' lang='grc' dir='ltr'><strong><em>ἀμβώσας</em></strong></span> <span class='ocrx_word' id='word_1_94' title='bbox 973 1262 1060 1330; x_wconf 84' lang='grc' dir='ltr'><strong><em>εἷπε·</em></strong></span> 
     </span>
     <span class='ocr_line' id='line_1_12' title="bbox 57 1357 1061 1450; baseline -0.001 -18"><span class='ocrx_word' id='word_1_95' title='bbox 57 1367 229 1448; x_wconf 80' lang='grc' dir='ltr'><strong><em>Δέσποτα,</em></strong></span> <span class='ocrx_word' id='word_1_96' title='bbox 245 1367 320 1429; x_wconf 91' lang='grc' dir='ltr'><strong><em>τίνα</em></strong></span> <span class='ocrx_word' id='word_1_97' title='bbox 335 1363 441 1447; x_wconf 88' lang='grc' dir='ltr'><strong><em>λέγεις</em></strong></span> <span class='ocrx_word' id='word_1_98' title='bbox 456 1361 560 1446; x_wconf 91' lang='grc' dir='ltr'><strong><em>λόγον</em></strong></span> <span class='ocrx_word' id='word_1_99' title='bbox 576 1357 638 1427; x_wconf 87' lang='grc' dir='ltr'><strong><em>οὑκ</em></strong></span> <span class='ocrx_word' id='word_1_100' title='bbox 654 1358 766 1448; x_wconf 88' lang='grc' dir='ltr'><strong><em>ὑγιέα,</em></strong></span> <span class='ocrx_word' id='word_1_101' title='bbox 785 1364 934 1432; x_wconf 84' lang='grc' dir='ltr'><strong><em>κελεύων</em></strong></span> <span class='ocrx_word' id='word_1_102' title='bbox 950 1390 991 1450; x_wconf 90' lang='grc' dir='ltr'><strong><em>με</em></strong></span> <span class='ocrx_word' id='word_1_103' title='bbox 1006 1365 1061 1431; x_wconf 91' lang='grc' dir='ltr'><strong><em>δέ-</em></strong></span> 
     </span>
     <span class='ocr_line' id='line_1_13' title="bbox 58 1458 1061 1548; baseline -0.003 -17"><span class='ocrx_word' id='word_1_104' title='bbox 58 1484 203 1531; x_wconf 90' lang='grc' dir='ltr'><strong><em>σποιναν</em></strong></span> <span class='ocrx_word' id='word_1_105' title='bbox 217 1458 280 1546; x_wconf 78' lang='grc' dir='ltr'><strong><em>τήν</em></strong></span> <span class='ocrx_word' id='word_1_106' title='bbox 294 1458 378 1546; x_wconf 82' lang='grc' dir='ltr'><strong><em>έμήν</em></strong></span> <span class='ocrx_word' id='word_1_107' title='bbox 391 1461 590 1548; x_wconf 89' lang='grc' dir='ltr'><strong><em>θηήσασθαι</em></strong></span> <span class='ocrx_word' id='word_1_108' title='bbox 611 1460 763 1546; x_wconf 79' lang='grc' dir='ltr'><strong><em>γυμνήν;</em></strong></span> <span class='ocrx_word' id='word_1_109' title='bbox 788 1459 857 1548; x_wconf 79' lang='grc' dir='ltr'><strong><em>ἅμα</em></strong></span> <span class='ocrx_word' id='word_1_110' title='bbox 879 1461 915 1529; x_wconf 73' lang='grc' dir='ltr'><strong><em>δέ</em></strong></span> <span class='ocrx_word' id='word_1_111' title='bbox 936 1467 1061 1529; x_wconf 85' lang='grc' dir='ltr'><strong><em>κιθώνι</em></strong></span> 
     </span>
     <span class='ocr_line' id='line_1_14' title="bbox 57 1556 1061 1650; baseline -0.004 -23"><span class='ocrx_word' id='word_1_112' title='bbox 57 1561 248 1650; x_wconf 75' lang='grc' dir='ltr'><strong><em>ἐκδυομένῳ</em></strong></span> <span class='ocrx_word' id='word_1_113' title='bbox 270 1559 490 1626; x_wconf 85' lang='grc' dir='ltr'><strong><em>συνεκδύεται</em></strong></span> <span class='ocrx_word' id='word_1_114' title='bbox 510 1561 565 1626; x_wconf 80' lang='grc' dir='ltr'><strong><em>καὶ</em></strong></span> <span class='ocrx_word' id='word_1_115' title='bbox 588 1557 651 1643; x_wconf 83' lang='grc' dir='ltr'><strong><em>τήν</em></strong></span> <span class='ocrx_word' id='word_1_116' title='bbox 670 1564 754 1627; x_wconf 84' lang='grc' dir='ltr'><strong><em>,αίδώ</em></strong></span> <span class='ocrx_word' id='word_1_117' title='bbox 776 1557 874 1646; x_wconf 90' lang='grc' dir='ltr'><strong><em>γυνή.</em></strong></span> <span class='ocrx_word' id='word_1_118' title='bbox 903 1558 1006 1627; x_wconf 84' lang='grc' dir='ltr'><strong><em>πύλαι</em></strong></span> <span class='ocrx_word' id='word_1_119' title='bbox 1024 1556 1061 1624; x_wconf 75' lang='grc' dir='ltr'><strong><em>δέ</em></strong></span> 
     </span>
     <span class='ocr_line' id='line_1_15' title="bbox 57 1655 1059 1743; baseline -0.004 -17"><span class='ocrx_word' id='word_1_120' title='bbox 57 1656 97 1726; x_wconf 83' lang='grc' dir='ltr'><strong><em>τά</em></strong></span> <span class='ocrx_word' id='word_1_121' title='bbox 112 1655 198 1725; x_wconf 83' lang='grc' dir='ltr'><strong><em>καλά</em></strong></span> <span class='ocrx_word' id='word_1_122' title='bbox 214 1655 427 1740; x_wconf 77' lang='grc' dir='ltr'><strong><em>ἀνθρώποισι</em></strong></span> <span class='ocrx_word' id='word_1_123' title='bbox 442 1659 630 1743; x_wconf 80' lang='grc' dir='ltr'><strong><em>ἐξεύρηται,</em></strong></span> <span class='ocrx_word' id='word_1_124' title='bbox 653 1657 689 1722; x_wconf 83' lang='grc' dir='ltr'><strong><em>ἐκ</em></strong></span> <span class='ocrx_word' id='word_1_125' title='bbox 706 1662 773 1723; x_wconf 77' lang='grc' dir='ltr'><strong><em>τῶν</em></strong></span> <span class='ocrx_word' id='word_1_126' title='bbox 787 1656 979 1743; x_wconf 76' lang='grc' dir='ltr'><strong><em>μανθάνειν</em></strong></span> <span class='ocrx_word' id='word_1_127' title='bbox 994 1659 1059 1723; x_wconf 79' lang='grc' dir='ltr'><strong><em>δεῖ·</em></strong></span> 
     </span>
     <span class='ocr_line' id='line_1_16' title="bbox 58 1749 1061 1842; baseline -0.004 -19"><span class='ocrx_word' id='word_1_128' title='bbox 58 1759 94 1824; x_wconf 84' lang='grc' dir='ltr'><strong><em>ἐν</em></strong></span> <span class='ocrx_word' id='word_1_129' title='bbox 109 1769 195 1823; x_wconf 78' lang='grc' dir='ltr'><strong><em>τοῖσι</em></strong></span> <span class='ocrx_word' id='word_1_130' title='bbox 217 1759 255 1823; x_wconf 78' lang='grc' dir='ltr'><strong><em>ἓν</em></strong></span> <span class='ocrx_word' id='word_1_131' title='bbox 267 1755 344 1822; x_wconf 88' lang='grc' dir='ltr'><strong><em>τόδε</em></strong></span> <span class='ocrx_word' id='word_1_132' title='bbox 360 1757 444 1842; x_wconf 84' lang='grc' dir='ltr'><strong><em>έστί,</em></strong></span> <span class='ocrx_word' id='word_1_133' title='bbox 461 1759 616 1823; x_wconf 87' lang='grc' dir='ltr'><strong><em>σκοπέειν</em></strong></span> <span class='ocrx_word' id='word_1_134' title='bbox 630 1753 705 1821; x_wconf 78' lang='grc' dir='ltr'><strong><em>τινὰ</em></strong></span> <span class='ocrx_word' id='word_1_135' title='bbox 720 1751 760 1821; x_wconf 85' lang='grc' dir='ltr'><strong><em>τά</em></strong></span> <span class='ocrx_word' id='word_1_136' title='bbox 777 1759 913 1823; x_wconf 82' lang='grc' dir='ltr'><strong><em>ἑωυτοῦ.</em></strong></span> <span class='ocrx_word' id='word_1_137' title='bbox 944 1749 1008 1840; x_wconf 77' lang='grc' dir='ltr'><strong><em>ἐγώ</em></strong></span> <span class='ocrx_word' id='word_1_138' title='bbox 1024 1753 1061 1820; x_wconf 75' lang='grc' dir='ltr'><strong><em>δὲ</em></strong></span> 
     </span>
     <span class='ocr_line' id='line_1_17' title="bbox 57 1854 1065 1942; baseline -0.006 -16"><span class='ocrx_word' id='word_1_139' title='bbox 57 1866 218 1942; x_wconf 88' lang='grc' dir='ltr'><strong><em>πείθομαι</em></strong></span> <span class='ocrx_word' id='word_1_140' title='bbox 229 1858 362 1942; x_wconf 79' lang='grc' dir='ltr'><strong><em>ἐκείνην</em></strong></span> <span class='ocrx_word' id='word_1_141' title='bbox 374 1854 458 1923; x_wconf 85' lang='grc' dir='ltr'><strong><em>εἶναι</em></strong></span> <span class='ocrx_word' id='word_1_142' title='bbox 470 1858 604 1923; x_wconf 81' lang='grc' dir='ltr'><strong><em>πασέων</em></strong></span> <span class='ocrx_word' id='word_1_143' title='bbox 614 1861 787 1940; x_wconf 83' lang='grc' dir='ltr'><strong><em>γυναικών</em></strong></span> <span class='ocrx_word' id='word_1_144' title='bbox 801 1861 990 1940; x_wconf 84' lang='grc' dir='ltr'><strong><em>καλλίστην,</em></strong></span> <span class='ocrx_word' id='word_1_145' title='bbox 1005 1860 1065 1921; x_wconf 89' lang='grc' dir='ltr'><strong><em>καί</em></strong></span> 
     </span>
     <span class='ocr_line' id='line_1_18' title="bbox 57 1951 1085 2041; baseline -0.009 -14"><span class='ocrx_word' id='word_1_146' title='bbox 57 1980 112 2027; x_wconf 88' lang='grc' dir='ltr'><strong><em>σεο</em></strong></span> <span class='ocrx_word' id='word_1_147' title='bbox 135 1961 250 2041; x_wconf 90' lang='grc' dir='ltr'><strong><em>δέομαι</em></strong></span> <span class='ocrx_word' id='word_1_148' title='bbox 270 1953 315 2041; x_wconf 83' lang='grc' dir='ltr'><strong><em>μή</em></strong></span> <span class='ocrx_word' id='word_1_149' title='bbox 337 1959 472 2024; x_wconf 83' lang='grc' dir='ltr'><strong><em>δέεσθαι</em></strong></span> <span class='ocrx_word' id='word_1_150' title='bbox 493 1953 639 2041; x_wconf 91' lang='grc' dir='ltr'><strong><em>ἀνόμων.</em></strong></span> <span class='ocrx_word' id='word_1_151' title='bbox 665 1952 701 2020; x_wconf 84' lang='lat'><strong><em>‘0</em></strong></span> <span class='ocrx_word' id='word_1_152' title='bbox 723 1955 785 2037; x_wconf 75' lang='grc' dir='ltr'><strong><em>μέν</em></strong></span> <span class='ocrx_word' id='word_1_153' title='bbox 805 1951 845 2040; x_wconf 81' lang='grc' dir='ltr'><strong><em>δή</em></strong></span> <span class='ocrx_word' id='word_1_154' title='bbox 864 1956 970 2038; x_wconf 90' lang='grc' dir='ltr'><strong><em>λέγων</em></strong></span> <span class='ocrx_word' id='word_1_155' title='bbox 986 1965 1085 2019; x_wconf 83' lang='grc' dir='ltr'><strong><em>τοι-9</em></strong></span> 
     </span>
     <span class='ocr_line' id='line_1_19' title="bbox 57 2046 1060 2141; baseline -0.004 -22"><span class='ocrx_word' id='word_1_156' title='bbox 57 2060 143 2120; x_wconf 84' lang='grc' dir='ltr'><strong><em>αῦτα</em></strong></span> <span class='ocrx_word' id='word_1_157' title='bbox 158 2050 360 2141; x_wconf 79' lang='grc' dir='ltr'><strong><em>ἀπεμάχετο,</em></strong></span> <span class='ocrx_word' id='word_1_158' title='bbox 376 2052 557 2140; x_wconf 85' lang='grc' dir='ltr'><strong><em>ἀρρωδέων</em></strong></span> <span class='ocrx_word' id='word_1_159' title='bbox 594 2052 641 2137; x_wconf 88' lang='grc' dir='ltr'><strong><em>μή</em></strong></span> <span class='ocrx_word' id='word_1_160' title='bbox 655 2057 690 2118; x_wconf 94' lang='grc' dir='ltr'><strong><em>τί</em></strong></span> <span class='ocrx_word' id='word_1_161' title='bbox 701 2055 735 2117; x_wconf 87' lang='grc' dir='ltr'><strong><em>οί</em></strong></span> <span class='ocrx_word' id='word_1_162' title='bbox 750 2053 782 2130; x_wconf 80' lang='grc' dir='ltr'><strong><em>ἐξ</em></strong></span> <span class='ocrx_word' id='word_1_163' title='bbox 799 2046 911 2118; x_wconf 77' lang='grc' dir='ltr'><strong><em>αὑτῶν</em></strong></span> <span class='ocrx_word' id='word_1_164' title='bbox 923 2054 1060 2135; x_wconf 90' lang='grc' dir='ltr'><strong><em>γένηται</em></strong></span> 
     </span>
     <span class='ocr_line' id='line_1_20' title="bbox 57 2145 1058 2238; baseline -0.006 -19"><span class='ocrx_word' id='word_1_165' title='bbox 57 2151 172 2220; x_wconf 91' lang='grc' dir='ltr'><strong><em>κακόν.</em></strong></span> <span class='ocrx_word' id='word_1_166' title='bbox 209 2149 227 2218; x_wconf 89' lang='grc' dir='ltr'><strong><em>ὑ</em></strong></span> <span class='ocrx_word' id='word_1_167' title='bbox 251 2154 286 2220; x_wconf 74' lang='grc' dir='ltr'><strong><em>δὲ</em></strong></span> <span class='ocrx_word' id='word_1_168' title='bbox 307 2150 461 2238; x_wconf 83' lang='grc' dir='ltr'><strong><em>ἀμείβετο</em></strong></span> <span class='ocrx_word' id='word_1_169' title='bbox 474 2155 616 2219; x_wconf 89' lang='grc' dir='ltr'><strong><em>τοισίδε·</em></strong></span> <span class='ocrx_word' id='word_1_170' title='bbox 638 2148 780 2235; x_wconf 76' lang='grc' dir='ltr'><strong><em>(θάρσεε,</em></strong></span> <span class='ocrx_word' id='word_1_171' title='bbox 803 2148 915 2234; x_wconf 89' lang='grc' dir='ltr'><strong><em>Γύγη,</em></strong></span> <span class='ocrx_word' id='word_1_172' title='bbox 938 2149 994 2216; x_wconf 85' lang='grc' dir='ltr'><strong><em>καὶ</em></strong></span> <span class='ocrx_word' id='word_1_173' title='bbox 1013 2145 1058 2232; x_wconf 86' lang='grc' dir='ltr'><strong><em>μή</em></strong></span> 
     </span>
     <span class='ocr_line' id='line_1_21' title="bbox 57 2245 1058 2336; baseline -0.003 -19"><span class='ocrx_word' id='word_1_174' title='bbox 57 2249 162 2336; x_wconf 82' lang='grc' dir='ltr'><strong><em>φοβέο</em></strong></span> <span class='ocrx_word' id='word_1_175' title='bbox 181 2248 264 2334; x_wconf 90' lang='grc' dir='ltr'><strong><em>μήτε</em></strong></span> <span class='ocrx_word' id='word_1_176' title='bbox 279 2249 351 2336; x_wconf 70' lang='grc' dir='ltr'><strong><em>ἐμὲ,</em></strong></span> <span class='ocrx_word' id='word_1_177' title='bbox 376 2249 421 2328; x_wconf 82' lang='grc' dir='ltr'><strong><em>ώς</em></strong></span> <span class='ocrx_word' id='word_1_178' title='bbox 437 2271 493 2317; x_wconf 89' lang='grc' dir='ltr'><strong><em>σεο</em></strong></span> <span class='ocrx_word' id='word_1_179' title='bbox 507 2245 718 2336; x_wconf 87' lang='grc' dir='ltr'><strong><em>πειρεόμενος</em></strong></span> <span class='ocrx_word' id='word_1_180' title='bbox 730 2255 816 2333; x_wconf 87' lang='grc' dir='ltr'><strong><em>λέγω</em></strong></span> <span class='ocrx_word' id='word_1_181' title='bbox 830 2248 934 2335; x_wconf 90' lang='grc' dir='ltr'><strong><em>λόγον</em></strong></span> <span class='ocrx_word' id='word_1_182' title='bbox 948 2248 1058 2334; x_wconf 88' lang='grc' dir='ltr'><strong><em>τόνδε,</em></strong></span> 
     </span>
     <span class='ocr_line' id='line_1_22' title="bbox 56 2343 1059 2436; baseline -0.001 -22"><span class='ocrx_word' id='word_1_183' title='bbox 56 2349 138 2434; x_wconf 89' lang='grc' dir='ltr'><strong><em>μήτε</em></strong></span> <span class='ocrx_word' id='word_1_184' title='bbox 153 2362 298 2433; x_wconf 80' lang='grc' dir='ltr'><strong><em>γυναῖκα</em></strong></span> <span class='ocrx_word' id='word_1_185' title='bbox 313 2346 376 2436; x_wconf 84' lang='grc' dir='ltr'><strong><em>τήν</em></strong></span> <span class='ocrx_word' id='word_1_186' title='bbox 391 2352 484 2436; x_wconf 80' lang='grc' dir='ltr'><strong><em>ἐμήν,</em></strong></span> <span class='ocrx_word' id='word_1_187' title='bbox 500 2351 545 2434; x_wconf 91' lang='grc' dir='ltr'><strong><em>μή</em></strong></span> <span class='ocrx_word' id='word_1_188' title='bbox 560 2354 594 2415; x_wconf 91' lang='grc' dir='ltr'><strong><em>τί</em></strong></span> <span class='ocrx_word' id='word_1_189' title='bbox 605 2372 656 2413; x_wconf 92' lang='grc' dir='ltr'><strong><em>τοι</em></strong></span> <span class='ocrx_word' id='word_1_190' title='bbox 672 2350 704 2427; x_wconf 79' lang='grc' dir='ltr'><strong><em>ἐξ</em></strong></span> <span class='ocrx_word' id='word_1_191' title='bbox 716 2343 817 2432; x_wconf 82' lang='grc' dir='ltr'><strong><em>αὐτῆς</em></strong></span> <span class='ocrx_word' id='word_1_192' title='bbox 828 2352 963 2433; x_wconf 89' lang='grc' dir='ltr'><strong><em>γένηται</em></strong></span> <span class='ocrx_word' id='word_1_193' title='bbox 974 2346 1059 2434; x_wconf 78' lang='grc' dir='ltr'><strong><em>βλύ-</em></strong></span> 
     </span>
     <span class='ocr_line' id='line_1_23' title="bbox 56 2443 1058 2535; baseline -0.003 -21"><span class='ocrx_word' id='word_1_194' title='bbox 56 2455 132 2534; x_wconf 81' lang='grc' dir='ltr'><strong><em>βος·</em></strong></span> <span class='ocrx_word' id='word_1_195' title='bbox 162 2443 268 2532; x_wconf 82' lang='grc' dir='ltr'><strong><em>ἀρχήν</em></strong></span> <span class='ocrx_word' id='word_1_196' title='bbox 295 2446 360 2535; x_wconf 88' lang='grc' dir='ltr'><strong><em>γάρ</em></strong></span> <span class='ocrx_word' id='word_1_197' title='bbox 387 2447 451 2533; x_wconf 77' lang='grc' dir='ltr'><strong><em>ἐγώ</em></strong></span> <span class='ocrx_word' id='word_1_198' title='bbox 477 2448 709 2535; x_wconf 78' lang='grc' dir='ltr'><strong><em>μηχανήσομαι</em></strong></span> <span class='ocrx_word' id='word_1_199' title='bbox 737 2444 842 2532; x_wconf 87' lang='grc' dir='ltr'><strong><em>οὑτω,</em></strong></span> <span class='ocrx_word' id='word_1_200' title='bbox 870 2444 954 2517; x_wconf 77' lang='grc' dir='ltr'><strong><em>όόστε</em></strong></span> <span class='ocrx_word' id='word_1_201' title='bbox 975 2447 1058 2531; x_wconf 75' lang='grc' dir='ltr'><strong><em>μηδὲ</em></strong></span> 
     </span>
     <span class='ocr_line' id='line_1_24' title="bbox 56 2540 1057 2630; baseline 0.002 -22"><span class='ocrx_word' id='word_1_202' title='bbox 56 2552 180 2628; x_wconf 82' lang='grc' dir='ltr'><strong><em>μαθεῖν</em></strong></span> <span class='ocrx_word' id='word_1_203' title='bbox 194 2569 253 2627; x_wconf 90' lang='grc' dir='ltr'><strong><em>μιν</em></strong></span> <span class='ocrx_word' id='word_1_204' title='bbox 269 2541 437 2630; x_wconf 83' lang='grc' dir='ltr'><strong><em>ὀφθεῖσαν</em></strong></span> <span class='ocrx_word' id='word_1_205' title='bbox 452 2541 606 2612; x_wconf 85' lang='grc' dir='ltr'><strong><em>ὑπδσεῦ.</em></strong></span> <span class='ocrx_word' id='word_1_206' title='bbox 625 2540 689 2629; x_wconf 80' lang='grc' dir='ltr'><strong><em>ἐγώ</em></strong></span> <span class='ocrx_word' id='word_1_207' title='bbox 707 2543 772 2629; x_wconf 89' lang='grc' dir='ltr'><strong><em>γάρ</em></strong></span> <span class='ocrx_word' id='word_1_208' title='bbox 783 2564 820 2610; x_wconf 91' lang='grc' dir='ltr'><strong><em>σε</em></strong></span> <span class='ocrx_word' id='word_1_209' title='bbox 832 2547 864 2622; x_wconf 87' lang='grc' dir='ltr'><strong><em>ές</em></strong></span> <span class='ocrx_word' id='word_1_210' title='bbox 875 2540 912 2611; x_wconf 85' lang='grc' dir='ltr'><strong><em>τὸ</em></strong></span> <span class='ocrx_word' id='word_1_211' title='bbox 925 2553 1057 2628; x_wconf 87' lang='grc' dir='ltr'><strong><em>οίκημα,</em></strong></span> 
     </span>
     <span class='ocr_line' id='line_1_25' title="bbox 56 2639 1056 2731; baseline -0.002 -21"><span class='ocrx_word' id='word_1_212' title='bbox 56 2645 93 2710; x_wconf 86' lang='grc' dir='ltr'><strong><em>έν</em></strong></span> <span class='ocrx_word' id='word_1_213' title='bbox 104 2648 150 2731; x_wconf 80' lang='grc' dir='ltr'><strong><em>τῷ</em></strong></span> <span class='ocrx_word' id='word_1_214' title='bbox 159 2639 504 2729; x_wconf 81' lang='grc' dir='ltr'><strong><em>κοιμεόμεθα,όπισθε</em></strong></span> <span class='ocrx_word' id='word_1_215' title='bbox 514 2649 572 2727; x_wconf 81' lang='grc' dir='ltr'><strong><em>τῆς</em></strong></span> <span class='ocrx_word' id='word_1_216' title='bbox 583 2639 920 2727; x_wconf 86' lang='grc' dir='ltr'><strong><em>ἀνοιγομένηςθύρης</em></strong></span> <span class='ocrx_word' id='word_1_217' title='bbox 930 2642 1056 2729; x_wconf 87' lang='grc' dir='ltr'><strong><em>στήσω·</em></strong></span> 
     </span>
     <span class='ocr_line' id='line_1_26' title="bbox 55 2735 1058 2828; baseline 0.002 -23"><span class='ocrx_word' id='word_1_218' title='bbox 55 2735 137 2823; x_wconf 89' lang='grc' dir='ltr'><strong><em>μετά</em></strong></span> <span class='ocrx_word' id='word_1_219' title='bbox 162 2735 193 2803; x_wconf 89' lang='grc' dir='ltr'><strong><em>δ’</em></strong></span> <span class='ocrx_word' id='word_1_220' title='bbox 217 2738 273 2822; x_wconf 76' lang='grc' dir='ltr'><strong><em>ἐμὲ</em></strong></span> <span class='ocrx_word' id='word_1_221' title='bbox 296 2739 479 2808; x_wconf 79' lang='grc' dir='ltr'><strong><em>ἐσελθόντα</em></strong></span> <span class='ocrx_word' id='word_1_222' title='bbox 501 2742 660 2823; x_wconf 88' lang='grc' dir='ltr'><strong><em>παρέσται</em></strong></span> <span class='ocrx_word' id='word_1_223' title='bbox 683 2737 777 2826; x_wconf 77' lang='grc' dir='ltr'><strong><em>καλή</em></strong></span> <span class='ocrx_word' id='word_1_224' title='bbox 800 2737 922 2828; x_wconf 83' lang='grc' dir='ltr'><strong><em>γυνήή</em></strong></span> <span class='ocrx_word' id='word_1_225' title='bbox 944 2737 1004 2826; x_wconf 85' lang='grc' dir='ltr'><strong><em>έμή</em></strong></span> <span class='ocrx_word' id='word_1_226' title='bbox 1025 2742 1058 2817; x_wconf 86' lang='grc' dir='ltr'><strong><em>ές</em></strong></span> 
     </span>
     <span class='ocr_line' id='line_1_27' title="bbox 55 2835 1057 2924; baseline -0.001 -20"><span class='ocrx_word' id='word_1_227' title='bbox 55 2850 177 2905; x_wconf 80' lang='grc' dir='ltr'><strong><em>κοῖτον.</em></strong></span> <span class='ocrx_word' id='word_1_228' title='bbox 201 2840 311 2905; x_wconf 86' lang='grc' dir='ltr'><strong><em>κέεται</em></strong></span> <span class='ocrx_word' id='word_1_229' title='bbox 326 2839 362 2903; x_wconf 77' lang='grc' dir='ltr'><strong><em>δέ</em></strong></span> <span class='ocrx_word' id='word_1_230' title='bbox 378 2835 482 2923; x_wconf 84' lang='grc' dir='ltr'><strong><em>ἀγχοῦ</em></strong></span> <span class='ocrx_word' id='word_1_231' title='bbox 499 2846 556 2923; x_wconf 82' lang='grc' dir='ltr'><strong><em>τῆς</em></strong></span> <span class='ocrx_word' id='word_1_232' title='bbox 571 2837 691 2904; x_wconf 82' lang='grc' dir='ltr'><strong><em>ἐσόδου</em></strong></span> <span class='ocrx_word' id='word_1_233' title='bbox 707 2838 852 2924; x_wconf 88' lang='grc' dir='ltr'><strong><em>θρόνος·</em></strong></span> <span class='ocrx_word' id='word_1_234' title='bbox 870 2840 923 2906; x_wconf 80' lang='grc' dir='ltr'><strong><em>έπὶ</em></strong></span> <span class='ocrx_word' id='word_1_235' title='bbox 935 2845 1057 2905; x_wconf 84' lang='grc' dir='ltr'><strong><em>τοῦτον</em></strong></span> 
     </span>
     <span class='ocr_line' id='line_1_28' title="bbox 54 2930 1053 3022; baseline -0.001 -21"><span class='ocrx_word' id='word_1_236' title='bbox 54 2939 123 3001; x_wconf 84' lang='grc' dir='ltr'><strong><em>τών</em></strong></span> <span class='ocrx_word' id='word_1_237' title='bbox 133 2938 274 3020; x_wconf 79' lang='grc' dir='ltr'><strong><em>ἱματίων</em></strong></span> <span class='ocrx_word' id='word_1_238' title='bbox 284 2936 360 3003; x_wconf 85' lang='grc' dir='ltr'><strong><em>κατ’</em></strong></span> <span class='ocrx_word' id='word_1_239' title='bbox 383 2939 420 3002; x_wconf 74' lang='grc' dir='ltr'><strong><em>ἓν</em></strong></span> <span class='ocrx_word' id='word_1_240' title='bbox 432 2939 573 3004; x_wconf 80' lang='grc' dir='ltr'><strong><em>ἕκαστον</em></strong></span> <span class='ocrx_word' id='word_1_241' title='bbox 589 2934 777 3002; x_wconf 79' lang='grc' dir='ltr'><strong><em>ἐκδύνουσα</em></strong></span> <span class='ocrx_word' id='word_1_242' title='bbox 788 2935 888 3022; x_wconf 81' lang='grc' dir='ltr'><strong><em>θήσει</em></strong></span> <span class='ocrx_word' id='word_1_243' title='bbox 920 2935 975 3002; x_wconf 81' lang='grc' dir='ltr'><strong><em>καὶ</em></strong></span> <span class='ocrx_word' id='word_1_244' title='bbox 986 2930 1053 3001; x_wconf 89' lang='grc' dir='ltr'><strong><em>κατ’</em></strong></span> 
     </span>
     <span class='ocr_line' id='line_1_29' title="bbox 54 3026 1053 3120; baseline 0.001 -21"><span class='ocrx_word' id='word_1_245' title='bbox 54 3026 197 3118; x_wconf 84' lang='grc' dir='ltr'><strong><em>ἡσυχίην</em></strong></span> <span class='ocrx_word' id='word_1_246' title='bbox 212 3028 341 3119; x_wconf 82' lang='grc' dir='ltr'><strong><em>πολλήν</em></strong></span> <span class='ocrx_word' id='word_1_247' title='bbox 355 3036 489 3116; x_wconf 81' lang='grc' dir='ltr'><strong><em>παρέξει</em></strong></span> <span class='ocrx_word' id='word_1_248' title='bbox 502 3058 553 3100; x_wconf 90' lang='grc' dir='ltr'><strong><em>τοι</em></strong></span> <span class='ocrx_word' id='word_1_249' title='bbox 568 3033 774 3120; x_wconf 81' lang='grc' dir='ltr'><strong><em>θηήσασθαι.</em></strong></span> <span class='ocrx_word' id='word_1_250' title='bbox 807 3032 910 3101; x_wconf 85' lang='grc' dir='ltr'><strong><em>έπεάν</em></strong></span> <span class='ocrx_word' id='word_1_251' title='bbox 931 3035 967 3101; x_wconf 78' lang='grc' dir='ltr'><strong><em>δέ</em></strong></span> <span class='ocrx_word' id='word_1_252' title='bbox 988 3031 1053 3100; x_wconf 84' lang='grc' dir='ltr'><strong><em>ἀπὸ</em></strong></span> 
     </span>
     <span class='ocr_line' id='line_1_30' title="bbox 54 3128 1055 3219; baseline 0.002 -23"><span class='ocrx_word' id='word_1_253' title='bbox 54 3136 116 3196; x_wconf 84' lang='grc' dir='ltr'><strong><em>τοὺ</em></strong></span> <span class='ocrx_word' id='word_1_254' title='bbox 130 3130 265 3213; x_wconf 87' lang='grc' dir='ltr'><strong><em>θρόνου</em></strong></span> <span class='ocrx_word' id='word_1_255' title='bbox 282 3137 393 3219; x_wconf 81' lang='grc' dir='ltr'><strong><em>στείχῃ</em></strong></span> <span class='ocrx_word' id='word_1_256' title='bbox 406 3134 459 3199; x_wconf 77' lang='grc' dir='ltr'><strong><em>ἐπὶ</em></strong></span> <span class='ocrx_word' id='word_1_257' title='bbox 473 3129 536 3218; x_wconf 83' lang='grc' dir='ltr'><strong><em>τήν</em></strong></span> <span class='ocrx_word' id='word_1_258' title='bbox 552 3129 656 3218; x_wconf 83' lang='grc' dir='ltr'><strong><em>εύνήν</em></strong></span> <span class='ocrx_word' id='word_1_259' title='bbox 681 3129 764 3198; x_wconf 80' lang='grc' dir='ltr'><strong><em>κατὰ</em></strong></span> <span class='ocrx_word' id='word_1_260' title='bbox 781 3131 891 3200; x_wconf 90' lang='grc' dir='ltr'><strong><em>νώτου</em></strong></span> <span class='ocrx_word' id='word_1_261' title='bbox 903 3157 941 3198; x_wconf 91' lang='grc' dir='ltr'><strong><em>τε</em></strong></span> <span class='ocrx_word' id='word_1_262' title='bbox 953 3128 1055 3217; x_wconf 82' lang='grc' dir='ltr'><strong><em>αὐτῆς</em></strong></span> 
     </span>
     <span class='ocr_line' id='line_1_31' title="bbox 53 3226 1055 3318; baseline -0.001 -22"><span class='ocrx_word' id='word_1_263' title='bbox 53 3229 152 3318; x_wconf 80' lang='grc' dir='ltr'><strong><em>γένη,</em></strong></span> <span class='ocrx_word' id='word_1_264' title='bbox 169 3230 221 3295; x_wconf 78' lang='grc' dir='ltr'><strong><em>σοὶ</em></strong></span> <span class='ocrx_word' id='word_1_265' title='bbox 238 3231 362 3313; x_wconf 87' lang='grc' dir='ltr'><strong><em>μελέτω</em></strong></span> <span class='ocrx_word' id='word_1_266' title='bbox 376 3226 414 3296; x_wconf 84' lang='grc' dir='ltr'><strong><em>τό</em></strong></span> <span class='ocrx_word' id='word_1_267' title='bbox 431 3231 592 3298; x_wconf 80' lang='grc' dir='ltr'><strong><em>ἐνθεῦτεν</em></strong></span> <span class='ocrx_word' id='word_1_268' title='bbox 619 3229 704 3308; x_wconf 81' lang='grc' dir='ltr'><strong><em>ὅκως</em></strong></span> <span class='ocrx_word' id='word_1_269' title='bbox 718 3228 764 3315; x_wconf 94' lang='grc' dir='ltr'><strong><em>μή</em></strong></span> <span class='ocrx_word' id='word_1_270' title='bbox 778 3249 816 3297; x_wconf 91' lang='grc' dir='ltr'><strong><em>σε</em></strong></span> <span class='ocrx_word' id='word_1_271' title='bbox 831 3227 944 3309; x_wconf 77' lang='grc' dir='ltr'><strong><em>ὄψεται</em></strong></span> <span class='ocrx_word' id='word_1_272' title='bbox 960 3227 1055 3297; x_wconf 89' lang='grc' dir='ltr'><strong><em>ίόντα</em></strong></span> 
     </span>
     <span class='ocr_line' id='line_1_32' title="bbox 54 3324 1103 3416; baseline -0.004 -21"><span class='ocrx_word' id='word_1_273' title='bbox 54 3324 111 3395; x_wconf 82' lang='grc' dir='ltr'><strong><em>διδ</em></strong></span> <span class='ocrx_word' id='word_1_274' title='bbox 124 3329 271 3409; x_wconf 86' lang='grc' dir='ltr'><strong><em>θυρέων.</em></strong></span> <span class='ocrx_word' id='word_1_275' title='bbox 302 3325 338 3394; x_wconf 89' lang='lat'><strong><em>‘0</em></strong></span> <span class='ocrx_word' id='word_1_276' title='bbox 362 3327 485 3416; x_wconf 76' lang='grc' dir='ltr'><strong><em>μὲνδὴ</em></strong></span> <span class='ocrx_word' id='word_1_277' title='bbox 517 3333 563 3409; x_wconf 78' lang='grc' dir='ltr'><strong><em>ὡς</em></strong></span> <span class='ocrx_word' id='word_1_278' title='bbox 595 3325 658 3396; x_wconf 87' lang='grc' dir='ltr'><strong><em>οὑκ</em></strong></span> <span class='ocrx_word' id='word_1_279' title='bbox 679 3325 827 3416; x_wconf 87' lang='grc' dir='ltr'><strong><em>ήδύνατο</em></strong></span> <span class='ocrx_word' id='word_1_280' title='bbox 863 3329 1054 3410; x_wconf 72' lang='grc' dir='ltr'><strong><em>διαφυγεῖν,</em></strong></span> <span class='ocrx_word' id='word_1_281' title='bbox 1071 3340 1103 3393; x_wconf 80' lang='lat'><strong><em>1⁰</em></strong></span> 
     </span>
     <span class='ocr_line' id='line_1_33' title="bbox 51 3421 1054 3517; baseline -0.001 -21"><span class='ocrx_word' id='word_1_282' title='bbox 51 3421 97 3512; x_wconf 81' lang='grc' dir='ltr'><strong><em>ἦν</em></strong></span> <span class='ocrx_word' id='word_1_283' title='bbox 108 3431 252 3514; x_wconf 85' lang='grc' dir='ltr'><strong><em>έτοίμος·</em></strong></span> <span class='ocrx_word' id='word_1_284' title='bbox 271 3425 338 3496; x_wconf 73' lang='grc' dir='ltr'><strong><em>ὅδὲ</em></strong></span> <span class='ocrx_word' id='word_1_285' title='bbox 350 3430 562 3517; x_wconf 84' lang='grc' dir='ltr'><strong><em>Κανδαύλης,</em></strong></span> <span class='ocrx_word' id='word_1_286' title='bbox 578 3432 647 3497; x_wconf 82' lang='grc' dir='ltr'><strong><em>έπεὶ</em></strong></span> <span class='ocrx_word' id='word_1_287' title='bbox 659 3429 772 3496; x_wconf 85' lang='grc' dir='ltr'><strong><em>έδόκεε</em></strong></span> <span class='ocrx_word' id='word_1_288' title='bbox 786 3422 856 3514; x_wconf 84' lang='grc' dir='ltr'><strong><em>ώρη</em></strong></span> <span class='ocrx_word' id='word_1_289' title='bbox 870 3433 927 3513; x_wconf 81' lang='grc' dir='ltr'><strong><em>τῆς</em></strong></span> <span class='ocrx_word' id='word_1_290' title='bbox 944 3433 1054 3515; x_wconf 88' lang='grc' dir='ltr'><strong><em>κοίτης</em></strong></span> 
     </span>
    </p>
   </div>
   <div class='ocr_carea' id='block_1_2' title="bbox 0 0 1182 3840">
    <p class='ocr_par' dir='ltr' id='par_1_2' title="bbox 0 0 1182 3840">
     <span class='ocr_line' id='line_1_34' title="bbox 0 0 1182 3840; baseline 0 1"><span class='ocrx_word' id='word_1_291' title='bbox 0 0 1182 3840; x_wconf 95' lang='lat' dir='ltr'><strong><em> </em></strong></span> 
     </span>
    </p>
   </div>
  </div>
 </body>
</html>
