2354 3840
134 169 195 230 202
362 226 365 232 ,
500 173 750 230 HERODOTI

133 331 324 409 Αἰγυπτίων
345 322 590 408 ἀσφαλέστερον
604 323 696 413 άρχη.
724 331 826 392 ταῦτα
843 327 879 392 δὲ
899 324 993 392 δεινά
1007 315 1124 393 ποιεύ-

13 507 15 514 A
133 447 227 507 μενοι
244 415 339 488 ούτοί
351 448 386 488 τε
406 428 439 489 οί
452 422 735 507 ἀπονοστήσαντες
755 425 809 488 καί
829 426 864 490 ολ
877 429 945 488 τῶν
959 420 1124 505 ἀπολομέ-

70 529 117 583 162
132 545 202 586 νων
229 526 319 604 φίλοι
351 516 537 603 ἀπέστησαν
564 522 599 584 έκ
628 527 684 605 τῆς
711 521 812 603 ἰθέης.
859 517 1061 602 Πυθόμενος
1088 514 1123 582 δὲ

129 619 261 699 Ἀπρίης
274 619 375 679 ταῦτα
390 618 508 698 πέμπει
522 610 573 679 ἐπ’
591 607 857 698 αύτούςἈμασιν
868 611 1123 679 καταπαύσοντα

133 712 268 795 λόγοισι.
292 706 361 774 ὁδδ
381 710 488 776 ἐπείτε
507 707 706 792 ἀπικόμενος
728 709 953 794 κατελάμβανε
972 705 1123 784 τούς-Αί·

133 811 307 890 γυπτίους,
324 811 426 869 ταῦτα
444 802 487 888 μη
503 806 628 870 ποιέειν
642 808 796 889 λέγοντος
806 801 910 870 αύτού
920 810 987 868 τῶν
1002 829 1051 880 τις
1061 806 1124 868 Αί-

133 909 280 987 γυπτίων
295 900 415 968 ὄπισθε
437 899 514 978 στάς
536 905 716 985 περιέθηκέ
735 906 768 967 οί
790 901 929 985 κυνέην,
951 901 1005 966 καὶ
1029 921 1123 984 περι-

132 1000 236 1073 τιθείς
263 1003 325 1080 ἔφη
349 999 401 1063 έπὶ
425 1004 578 1084 βασιληίῃ
603 999 818 1084 περιτιθέναι.
851 999 905 1064 καὶ
929 1002 974 1084 τῷ
996 991 1039 1061 ού
1058 1019 1124 1070 κως

133 1091 310 1160 ἀεκούσιον
325 1095 449 1176 ἐγίνετο
469 1091 506 1160 τδ
528 1095 744 1179 ποιεύμενον,
769 1091 812 1170 ὥς
830 1098 1019 1160 διεδείκνυε.
1036 1093 1126 1159 ἐπεί-

132 1216 168 1257 τε
182 1187 245 1274 γάρ
261 1190 440 1274 ἐστήσαντό
456 1217 514 1274 μιν
537 1190 672 1276 βασιλέα
689 1195 755 1255 τῶν
776 1195 968 1273 Αἰγυπτίων
987 1191 1022 1254 oc
1041 1185 1124 1252 ἀπε-

132 1293 284 1366 στεῶτες,
305 1288 563 1372 παρεσκευάζετο
582 1283 736 1362 ὡςέλέων
752 1280 1024 1368 έπὶτάνἈπρίην.
1057 1305 1124 1348 πυ·

130 1385 277 1470 θόμενος
293 1387 328 1450 δὲ
349 1391 452 1450 ταῦτα
469 1382 486 1450 ὁ
505 1382 638 1466 Ἀπρίης
651 1388 774 1466 ἔπεμπε
791 1378 842 1447 ἐπ’
856 1377 996 1465 Ἀμασιν
1015 1376 1123 1458 ἀνδρα

132 1482 271 1564 δόκιμον
292 1487 359 1545 τῶν
380 1484 454 1564 περὶ
478 1478 602 1547 ἑαυτὸν
623 1484 832 1564 Αἰγυπτίων,
859 1482 905 1565 τῷ
928 1475 1056 1567 ούνομα
1078 1468 1123 1560 ἦν

131 1575 361 1660 Πατάρβημις,
385 1576 613 1659 ἐντειλάμενος
634 1572 723 1662 αύτῷ
747 1572 870 1652 ζάοντα
884 1569 1022 1655 ’Άμασιν
1039 1569 1120 1656 ἀνα-

131 1684 203 1754 μεῖν
219 1669 298 1755 παρ’
316 1670 450 1739 ἑωυτόν.
476 1669 519 1748 ὡς
535 1674 570 1738 δὲ
584 1669 783 1755 ἀπικόμενος
801 1668 818 1735 ὁ
835 1668 1049 1756 Πατάρβημις
1063 1665 1123 1733 τδν

20 1776 24 1780 ”
123 1766 265 1852 ’Ἀμασιν
279 1767 407 1853 ἐκάλεε,
431 1764 599 1852 ὁἈμασις
624 1773 729 1855 (ἔτυχε
746 1763 810 1851 γάρ
828 1763 879 1832 ἐπ’
896 1765 1001 1830 ἵππου
1022 1762 1123 1849 κατή-

133 1870 245 1948 μενος)
253 1866 403 1949 ἐπαείρας
415 1861 624 1949 ἀπεματάίσε,
633 1866 688 1930 καί
694 1861 793 1928 τοῦτό
803 1887 861 1946 μιν
872 1862 1001 1928 ἐκέλευε
1008 1857 1123 1946 Ἀπρίη

134 1957 284 2043 ἀπάγειν.
309 1959 397 2044 ὅμως
414 1960 449 2026 δέ
470 1957 574 2025 αύτδν
588 1956 704 2036 ἀξιοῦν
720 1955 779 2024 τὸν
792 1956 1011 2044 Πατάρβημιν
1027 1964 1123 2042 βασι·

133 2057 206 2130 λέος
228 2059 521 2139 μεταπεμπομένου
542 2057 627 2121 ίέναι
648 2050 730 2136 πρὸς
754 2049 873 2118 αύτόν·
895 2049 955 2119 τδν
976 2053 1014 2119 δὲ
1033 2048 1122 2139 αύτῷ

133 2147 396 2234 ὑποκρίνασθαι,
423 2147 466 2226 ὦς
486 2155 588 2214 ταῦτα
615 2149 717 2214 πάλαι
743 2147 1022 2231 παρασκευάζεται
1047 2171 1123 2212 ποι·

135 2245 217 2325 έειν,
239 2244 293 2307 καί
308 2241 397 2332 αὐτῷ
412 2240 453 2309 ού
468 2248 656 2328 μέμψεσθαι
667 2240 818 2328 Ἀπρίην·
840 2247 1045 2329 παρέσεσθαι
1058 2241 1121 2327 γάρ

132 2339 186 2402 καὶ
201 2334 299 2414 αύτδς
320 2340 374 2404 καὶ
397 2337 517 2416 ἀλλους
539 2337 638 2418 άξειν.
670 2336 730 2404 τὸν
746 2339 781 2404 δὲ
797 2340 1014 2425 Πατάρβημιν
1034 2345 1071 2408 έκ
1089 2363 1124 2406 τε

132 2439 198 2498 τῶν
218 2436 406 2517 λεγομένων
428 2433 489 2501 ούκ
502 2429 656 2517 ἀγνοέειν
664 2433 725 2518 την
745 2434 914 2518 διάνοιαν,
937 2437 991 2501 καί
1016 2460 1125 2522 παρα-

133 2530 375 2613 σκευαζόμενον
392 2528 530 2616 ὁρέοντα
541 2535 670 2617 σπουδῇ
684 2529 826 2615 ἀπιέναι,
841 2533 1052 2618 βουλόμενον
1065 2529 1125 2616 τὴν

72 2711 76 2715 .
132 2631 285 2708 ταχίστην
298 2631 426 2710 βασιλέϊ
439 2632 583 2712 δηλῶσαι
597 2626 637 2696 τά
651 2631 873 2716 πρησσόμενα.
901 2628 945 2710 ὥς
959 2633 996 2699 δὲ
1010 2627 1125 2699 ἀπικέ-

132 2729 213 2785 σθαι
228 2718 332 2786 αύτδν
346 2720 429 2806 πρὸς
443 2721 502 2789 τὸν
519 2722 655 2810 Ἀπρίην
677 2723 737 2790 ούκ
759 2723 881 2807 άγοντα
901 2726 961 2796 τδν
974 2727 1125 2815 Ἀμασιν,
1149 2781 1151 2785 -

132 2813 252 2915 οὐδένα
262 2816 362 2898 λόγον
370 2818 479 2904 ἑωντρί
487 2820 587 2885 δόντα
597 2820 678 2888 ἀλλά
690 2823 885 2908 περιθύμως
902 2831 1019 2910 ἔχοντα
1031 2851 1126 2910 περι-

129 2929 243 2999 ταμεῖν
258 2917 437 3000 προστάξαι
454 2914 557 2985 αύτοῦ
570 2917 612 2984 τά
624 2943 659 2984 τε
675 2911 742 2985 εἶτα
757 2925 810 2989 καὶ
826 2919 888 3007 τήν
905 2925 989 3008 ῥῖνα.
1013 2921 1126 3006 ίδόμε-

34 3048 38 3056 ·
129 3036 183 3077 νοι
198 3009 229 3076 δ’
249 3018 281 3079 οί
293 3017 401 3080 λοιποί
414 3021 481 3080 τῶν
491 3021 700 3098 Αἰγυπτίων,
720 3025 755 3085 οδ
767 3024 813 3085 ἔτι
823 3016 863 3084 τά
875 3021 1008 3086 ἐκείνου
1022 3020 1125 3103 ἐφρο-

128 3135 224 3194 νεον,
253 3109 358 3192 ἀνδρα
382 3108 441 3176 τὸν
466 3112 691 3196 δοκιμάτατον
715 3117 848 3182 ἑωυτῶν
871 3112 963 3180 οὕτω
986 3119 1125 3199 αἰσχράς

128 3207 216 3293 λύμη
237 3211 461 3292 διακείμενον,
479 3208 601 3275 ούδένα
623 3208 663 3295 δη
688 3214 812 3300 χρόνον
836 3211 1027 3295 ἐπισχόντες
1047 3209 1125 3277 άπι-

128 3305 240 3370 στέατο
265 3301 346 3382 πρὸς
368 3302 447 3380 τούς
468 3307 598 3385 ἑτέρους
623 3309 677 3373 καί
706 3312 858 3378 ἐδίδοσαν
875 3311 981 3391 σφέας
1002 3305 1126 3384 αύτούς
