2354 3840
388 235 721 298 lim-twa
735 241 777 298 ίλλ
1012 233 1055 299 36

54 399 172 512 πρλλῷ
193 394 479 480 κατυπέρτεροι
448 395 494 458 τό
514 393 646 508 πολέμφ
665 394 814 477 ἐγίνοντο
833 399 868 463 οί
890 401 1055 464 Λακεδαι-

55 487 188 576 μόνιοι·
221 485 286 575 ήδη
304 488 345 554 δέ
358 505 418 572 σφι
433 455 522 554 κάλ’
505 512 526 573 η
547 485 652 573 πολλή
666 494 723 575 τής
734 484 1033 578 Πελοποννήσου
1010 516 1055 578 ην

57 591 338 671 κατεστραμμένη.

144 685 260 748 Ταῦτα
288 673 387 767 δή
358 706 408 748 ων
436 679 545 749 πάντα
575 681 877 768 πυνθανόμενος’
862 710 880 752 ο
911 691 1100 768 Κροίσοςθλ

43 764 186 867 ’ἔπεμπε
212 781 246 857 ἐς
266 778 429 866 Σπάρτην
452 775 614 865 ἀγγέλους
640 781 731 867 δῶρά
754 805 790 848 το
814 783 978 868 φέροντας
1001 784 1056 851 καὶ

59 879 283 964 δεησομένους
295 882 488 964 συμμαχίης,
503 880 732 964 ἐντειλάμενός
742 907 778 948 τι
788 879 829 948 τά
840 885 951 966 λέγειν
961 889 1053 969 χρῆν.

58 979 94 1042 οί
111 974 150 1042 δὲ
170 972 327 1051 ἐλθόντες
347 978 478 1060 ἔλεγον
509 973 655 1060 Ἔπεμφε
675 974 776 1063 ήμέας
790 984 935 1060 Κροῖσος
951 976 969 1046 δ
983 987 1057 1047 Λυ-

59 1078 131 1141 δῶν
151 1099 187 1140 τε
207 1075 262 1140 ιιαλ
282 1069 393 1140 άλλων
414 1074 543 1140 ἐθνέων
561 1071 732 1160 βασιλεὺς,
760 1076 867 1160 λέγων
887 1075 982 1144 τάδε·
1016 1070 1056 1145 Ὦ

59 1169 337 1256 Λακεδαιμόνιοι,
350 1170 534 1256 χρήσαντος
547 1194 608 1236 του
594 1176 708 1237 θεοῦ
721 1167 782 1237 τόν
795 1168 941 1256 Ἕλληνα
955 1178 1057 1256 φίλον

58 1270 289 1355 προσθέσθαι,
314 1264 417 1354 ὑμέας
442 1266 507 1355 γάρ
532 1269 749 1353 πυνθάνομαι
771 1272 973 1354 προεστάναι
1000 1281 1057 1359 τῆς

54 1363 228 1450 Ἑλλάδος,
250 1357 403 1450 ὑμέας
375 1391 424 1432 ων
443 1390 527 1432 κατα
542 1363 579 1432 τό
596 1365 796 1451 χρηστήριον
810 1370 1057 1452 προσκαλέομαι

62 1467 162 1547 φίλος
177 1485 213 1528 τε
227 1463 355 1530 ἐθέλων
369 1464 527 1548 γενέσθαι
543 1464 597 1530 και
617 1462 786 1547 σύμμαχος
802 1488 885 1530 ανον
904 1489 939 1531 τε
955 1464 1058 1532 δόλου

60 1558 156 1631 καλ’
136 1561 271 1648 απάτης.
313 1570 457 1649 Κροῖσος
476 1565 538 1649 μὲν
559 1560 599 1650 δή
620 1589 723 1630 ταυτα
746 1561 785 1631 δι’
808 1561 998 1651 άγγέλοιν’
980 1589 1058 1632 επε-
1088 1572 1095 1581 “

59 1657 282 1746 κηρυκούιτο,
305 1660 564 1745 Λακεδαιμόνιοι
584 1659 620 1727 δὲ
635 1657 814 1746 ἀκηκοότες
835 1665 891 1731 καλ
912 1659 1008 1730 αὐτοὶ
1020 1658 1057 1728 τό

59 1754 271 1839 θεοπρόπιον
285 1752 322 1822 τό
338 1762 472 1846 Κροίσῳ
488 1757 672 1843 γενόμενον
688 1754 846 1842 ἥσθησάν
861 1783 897 1826 τι
912 1764 952 1847 τῇ
967 1755 1055 1836 άπίξι

59 1857 129 1918 τῶν
148 1854 265 1919 Λυδόν
277 1854 333 1920 καλ
346 1854 544 1940 έποιήσαυτο
562 1853 660 1939 ὅρκια
675 1857 796 1939 ξεινίης
809 1857 883 1941 πέρι
899 1858 954 1922 καλ
970 1873 1059 1940 συμ-

60 1945 193 2035 μαχίης·
220 1953 275 2018 καλ
287 1952 353 2038 γάρ
368 1979 455 2032 τινος
471 1950 595 2031 αότοδς
608 1950 897 2038 εὐεργεσίαιτλχον
908 1955 944 2020 ἐκ
954 1957 1059 2037 Κροί-

61 2069 125 2116 σου
147 2048 312 2133 πρότερον
333 2057 381 2120 δτι
401 2068 582 2139 γεγονυῖαι.
623 2055 808 2138 πέμψαντες
823 2049 889 2137 γάρ
904 2055 939 2119 ολ
949 2060 1059 2119 Λακι-

42 2218 44 2224 y
62 2143 231 2229 δαιμόνιοι
252 2148 284 2225 ές
301 2147 427 2233 Σάρδις
447 2146 574 2234 χρυσόν
597 2146 758 2233 ὠνέοντο,
780 2150 813 2227 ἐς
826 2145 959 2233 άγαλμα
974 2154 1060 2234 βου-

60 2243 197 2330 λόμενοι
218 2243 407 2331 χρήσασθαι
425 2254 541 2333 τοῦτο,
566 2244 604 2315 τδ
632 2255 697 2314 νῦν
719 2253 779 2332 της
800 2251 997 2331 Λακωνικῆς
1022 2247 1058 2312 έυ

61 2341 211 2425 Θόρνακι
225 2343 356 2426 ἵδρυται
376 2340 599 2429 Ἀπόλλωνος,
628 2352 772 2429 Κροῖσος
786 2346 825 2409 δέ
836 2362 897 2425 σφι
914 2338 1060 2425 ὠνεομέ-

61 2435 149 2507 νοισι
163 2440 267 2506 ἐδωκε
282 2443 432 2526 δωτίνην.

148 2535 286 2604 Τούτων
308 2561 344 2603 τε
358 2530 407 2605 όν
422 2541 550 2605 εἵνεκεν
567 2543 601 2605 ολ
613 2536 871 2622 Λακεδαιμόνιοι
895 2533 957 2622 τήν
966 2554 1058 2620 ,συμ-
1069 2566 1104 2623 7⁰

60 2639 182 2720 μαχίην
196 2635 365 2720 ἐδέξαντο,
387 2637 442 2703 καὶ
463 2632 514 2701 ὅτι
536 2637 572 2702 έιι
592 2635 730 2703 πάντων
751 2636 854 2719 σφέας
875 2639 1057 2718 προκρίνας

61 2730 224 2818 Ελλήνων
235 2735 360 2826 αἱρέετο
376 2738 503 2818 φίλους.
521 2735 576 2800 καὶ
586 2740 685 2801 τοῦτο
695 2733 757 2819 μέν
770 2729 865 2800 αότολ
876 2724 962 2819 ἦσαν
974 2735 1058 2799 ἐτολ-

60 2853 115 2912 μοι
136 2831 383 2917 ἐπαγγείλαντι,
403 2837 501 2898 τοῦτο
524 2832 560 2900 δὲ
579 2832 799 2917 ποιησάμενοι
813 2838 960 2917 κρητῆρα
977 2830 1055 2915 χάλ-

60 2950 155 3009 κεον,
178 2928 304 3014 ζῳδίων
324 2953 361 2995 τε
382 2931 509 3008 ἔξωθεν
529 2930 714 3017 πλήσαντες
733 2930 809 3014 περὶ
829 2925 867 2996 τό
882 2937 988 3014 χεῖλος
1003 2929 1057 2995 καλ

60 3021 204 3106 μεγάθεϊ
217 3030 428 3110 τριηκοσίους
448 3023 618 3112 ἀμφορέας
637 3017 841 3112 χωρέοντα
817 3049 921 3111 ηγον,
947 3029 1057 3106 δωρον

59 3117 262 3204 βουλόμενοι
282 3117 477 3188 ἀντιδοῦναι
498 3129 641 3214 Κροίσῳ.
687 3113 785 3200 οὗτος
807 3118 825 3189 ὁ
848 3117 972 3207 κρητὴρ
994 3117 1057 3189 υόκ

60 3208 193 3280 άπίκιτο
216 3216 249 3292 ές
261 3215 390 3299 Σάρδις
404 3215 443 3284 δι’
458 3224 563 3296 αίτίας
577 3223 733 3304 διφασίας
745 3219 926 3341 λεγομένας
939 3216 1055 3284 τάσδε

60 3314 94 3381 οί
103 3311 168 3397 μέν
180 3313 438 3399 Λακεδαιμόνιοι
460 3313 664 3402 λέγουσι,“
643 3342 687 3394 ως
716 3317 823 3382 ἐπειτε
847 3311 1057 3400 άγόμευοςές

60 3403 117 3488 τάς
130 3406 291 3496 Σάρδις
275 3436 293 3477 ο
310 3409 435 3499 κρητὴρ
451 3415 575 3498 ἐγίνετο
594 3410 677 3481 κατά
694 3409 758 3499 τήν
770 3419 921 3536 Σαμίην,
945 3407 1053 3479 πυθό-

875 3508 893 3556 3

1077 3606 1128 3620 ..ΙΙ-
