2354 3840
42 158 45 169 Ι
131 201 191 265 180
508 204 758 261 HERODOTI

130 359 344 450 οἲἙλλήνων
365 359 565 453 ἐχρήσαντο,
588 364 624 427 οί
640 361 703 445 μὲν
722 359 907 449 πρότερον,
931 365 967 430 ολ
981 363 1018 430 δέ

130 486 207 546 ρον,
226 457 270 540 ως
284 464 357 549 ίδίηι
372 462 507 527 ἑωυτῶν
519 457 624 526 ἐόντι·
648 465 716 525 τῶν
726 455 791 544 ἐγω
804 455 903 537 είδοδς
913 456 955 526 τά
967 458 1037 528 ούνι

80 571 87 587 ’
129 553 171 623 ού
184 557 314 644 γράφω.

65 674 117 729 124
213 657 322 741 Μέχρι
341 660 403 740 μέν
426 680 490 721 νυν
505 652 719 740 Ῥαμψινίτου
742 652 895 741 βασιλέος
913 652 1002 724 εἶναι
1022 657 1037 722 ἐ

128 751 244 842 γύπτω
259 758 371 819 πᾶσαν
386 749 548 838 εὐνομίην
563 758 680 837 ἔλεγον
700 753 755 820 καὶ
770 747 951 837 εὐθηνέειν
966 762 1037 840 Αἴγι

128 847 295 934 μεγάλως·
320 843 402 933 μετά
419 847 455 913 δέ
470 855 592 915 τοῦτον
606 849 852 935 βασιλεύσαντά
866 867 985 936 σφεων
1001 860 1034 920 Χ

127 949 160 1024 ἐς
187 951 298 1013 πᾶσαν
324 943 489 1030 κακότητα
519 945 651 1012 ἐλάσαι·
691 951 958 1032 κατακληίσαντα
989 947 1037 1034 γάι

127 1042 237 1111 πάντα
251 1039 291 1109 τά
311 1040 367 1128 ίρά
382 1048 497 1129 πρῶτα
511 1043 573 1128 μέν
593 1061 698 1129 σφεας
712 1046 862 1111 θυσιέων
877 1040 1034 1132 ἀπέρξαι,

127 1143 164 1211 δὲ
176 1140 374 1228 ἐργάζεσθαι
386 1143 499 1230 ἑωυτῷ
510 1140 661 1209 κελεύειν
672 1141 801 1219 πάντας
811 1145 1028 1226 Αίγυπτίους.

126 1241 188 1328 μέυ
213 1236 253 1325 δὴ
280 1235 503 1324 ἀποδεδέχθαι
531 1243 567 1305 ἐκ
593 1245 660 1306 τῶν
687 1242 908 1325 λιθοτομιέων
933 1248 1003 1308 τῶν
1028 1267 1037 1308 ι

122 1337 264 1427 Ἀραβίῳ
278 1335 389 1423 οὔρεϊ,
412 1339 448 1404 ἐκ
464 1337 594 1405 τούτων
610 1339 720 1405 ἕλκειν
734 1343 853 1416 λίθους
868 1339 966 1426 μέχρι
980 1348 1037 1407 τοι]

126 1449 204 1508 λου·
240 1440 544 1525 διαπεραιωθέντας
564 1438 600 1505 δέ
622 1436 682 1505 τόν
707 1435 858 1524 ποταμόυ
885 1444 1032 1506 πλοίοισι

126 1543 245 1614 λίθους
267 1538 406 1622 ἑτέροισι
420 1540 510 1616 ἔταξε
531 1539 726 1604 ἐκδέκεσθαι
747 1539 802 1604 καλ
823 1534 908 1622 πρὸς
926 1535 964 1604 τό
983 1544 1037 1624 Aa!

126 1631 335 1719 καλεόμενον
360 1627 479 1720 οὖρος,
508 1631 592 1720 πρὸς
616 1641 714 1701 τοῦτο
741 1637 857 1702 ἕλκειν.
892 1636 1037 1721 ἐργάζου

126 1726 210 1797 κατά
228 1733 308 1798 δέκα
323 1731 489 1818 μυριάδας
507 1729 702 1817 ἀνθρώπων
718 1734 781 1799 αίελ
803 1729 864 1817 τὴν
879 1739 1037 1819 τρίμηυοι

126 1846 218 1913 στην.
241 1827 366 1914 χρόνον
380 1831 416 1897 δέ
434 1832 630 1915 ἐγγενέσθαι
642 1831 826 1920 τριβομένῳ
841 1836 886 1919 τῷ
896 1834 968 1920 ληῷ
980 1834 1037 1899 δέκ

127 1932 201 1996 ἐτεα
217 1933 274 2014 τῆς
289 1923 372 1994 ὁδοῦ
388 1927 461 1995 κατ’
477 1926 521 2013 ἣν
540 1920 651 1996 είλκον
666 1924 745 2006 τούς
758 1933 896 2013 λίθους,
922 1925 985 2014 τὴν
1000 1932 1037 1994 ἐδ

126 2033 227 2111 ἔργον
248 2025 305 2095 ἐδυ
322 2025 364 2094 οὐ
385 2035 497 2115 πολλῷ
523 2031 584 2117 τέῳ
607 2032 748 2094 ἔλασσον
770 2032 828 2113 τῆς
854 2030 1037 2114 πυραμίδος

125 2125 199 2208 ἐμοὶ
215 2125 345 2191 δοκέειν
359 2130 430 2212 (τῆς
445 2121 508 2207 γάρ
520 2131 623 2211 μῆκος
637 2125 699 2210 μέν
714 2129 776 2192 είσι
791 2124 890 2191 πέντε
904 2122 1036 2192 στάδιοι

126 2243 186 2305 ρος
201 2221 237 2286 δὲ
252 2219 331 2288 δέκα
346 2217 495 2306 ὀργυιαί,
518 2221 604 2303 ὕψος
619 2223 672 2308 δέ,
696 2228 735 2309 τῇ
754 2219 944 2306 ὑψηλοτάτη
961 2221 1029 2288 ἐστὶ

126 2322 267 2406 ἑωυτῆς,
291 2315 375 2386 όκτοδ
392 2315 541 2406 ὀργυιαὶ,
563 2328 665 2389 λίθου
679 2345 715 2387 τε
730 2322 846 2399 ξεστοῦ
861 2321 916 2386 καί
932 2315 1026 2408 ζῴων

124 2419 355 2503 γλυμμένων),
377 2416 500 2501 ταύτης
520 2444 555 2484 τε
577 2416 621 2504 δη
640 2416 678 2483 τά
703 2419 782 2483 δέκα
803 2420 876 2483 ἐτεα
897 2415 1037 2501 γενέσθω

125 2523 193 2584 τῶν
208 2519 260 2584 ἐπὶ
280 2523 341 2583 τοῦ
362 2516 490 2610 λόφου,
517 2515 569 2592 ἐπ’
587 2509 630 2582 οὗ
652 2517 762 2582 ἑστᾶσι
783 2519 819 2582 αλ
838 2517 1037 2601 πυραμίδες,

126 2612 193 2682 ὑπό
208 2620 273 2700 γῆν
287 2615 488 2702 οἰκημάτων,
507 2612 565 2692 τάς
577 2616 721 2702 ἐποιέετο
733 2613 843 2700 θήκας
854 2613 968 2701 ἑωυτῷ
981 2613 1037 2678 ένι

125 2709 274 2795 διιόρυχα
295 2716 355 2776 τοῦ
379 2719 506 2779 Νείλου
530 2709 713 2797 έσαγαγύν.
745 2715 784 2795 τῇ
806 2710 842 2775 δέ
864 2713 1027 2794 πυραμίδι

123 2808 250 2895 χρόνον
264 2809 424 2893 γενέσθαι
447 2822 550 2878 είκοσι
566 2817 640 2878 ἔτεα
657 2811 855 2892 ποιουμένη,
877 2813 935 2892 τῆς
958 2810 1026 2876 ἐστὶ

123 2913 206 2996 ταχῇ
219 2909 373 2992 μέτωπον
385 2907 524 2975 ἕκαστον
538 2905 625 2977 όκτω
640 2911 771 2990 πλέθρα
786 2905 905 2991 ἐούσης
918 2933 1037 2994 τετραγ

124 3007 181 3069 καὶ
194 3003 280 3084 ύψος
300 3012 391 3088 ἴσον,
413 3010 515 3074 λίθου
537 3009 573 3074 δέ
590 3012 706 3086 ξεστοῦ
722 3031 756 3072 τε
777 3006 832 3071 καλ
854 3001 1037 3092 ύρμοσμένι

123 3101 282 3187 μάλιστα·
307 3100 416 3182 ούδείς
431 3112 499 3172 των
518 3113 628 3175 λίθων
646 3103 822 3191 τριήκοντα
837 3105 953 3170 ποδῶν
969 3103 1037 3172 ἐλάι

60 3191 279 3288 ΗόἘποιηθη
298 3202 335 3270 δέ
356 3195 422 3271 οἶδε
436 3203 520 3292 αὕτη
540 3203 739 3292 ἡπυραμὶς,
761 3199 973 3288 ἀναβαθμῶν
993 3229 1037 3290 τρι

124 3297 183 3380 τάς
204 3307 405 3391 μετεξέτεροι
428 3306 588 3391 κρόσσας,
618 3309 653 3371 οί
665 3302 702 3370 δέ
721 3304 868 3388 βωμίδας
888 3298 1037 3389 ούνομάζ

121 3400 281 3488 τοιαύτην
307 3401 343 3470 τό
370 3409 504 3489 πρῶτον
527 3408 638 3474 έπείτε
678 3407 838 3485 ἐποίησαν
862 3397 987 3488 αὐτὴν,
1018 3399 1037 3488 ἢ
