2354 3840
133 190 191 253 108
501 193 755 252 HERODOTI

127 357 348 439 κατοικῆσθαι
368 353 506 436 λέγουσι
527 356 626 437 ἰχθῦς
641 347 754 437 ὠμούς
768 353 999 439 σιτεομένους,
1017 354 1121 439 ἐσθῆτι

127 452 163 518 δὲ
178 456 371 534 νομίζοντας
391 455 539 536 χρᾶσθαι
558 452 702 535 φωκέων
723 450 871 536 δέρμασι.
904 448 942 519 τὸ
958 450 995 517 δέ
1012 452 1052 517 ἐν
1065 454 1122 516 τάν

126 549 301 636 στομάτων
314 556 376 618 τοῦ
387 546 531 635 Ἀράξεω
541 550 609 636 ῥέει
621 545 676 615 διά
688 554 844 632 καθαροῦ
855 549 888 626 ές
902 547 966 636 τὴν
976 555 1123 635 Κασπίην

124 648 311 718 θάλασσαν.
337 644 414 737 ἡδέ
428 654 562 732 Κασπίη
578 645 734 717 θάλασσά
754 648 823 714 ἐστι
838 643 899 715 ’ἐπ’
922 651 1066 736 ἑωυτῆς,
1088 646 1122 716 ού

126 752 359 833 συμμίσγουσα
379 752 419 835 τῇ
440 747 535 834 ἑτέρη
548 745 714 833 θαλάσση.
748 740 810 830 τῆυ
824 742 887 832 μέν
901 743 1123 833 γάρ”Ελληνες

125 850 358 912 ναυτίλλονται
365 851 487 929 πᾶσαν,
495 840 1122 931 καὶηέξωστηλέωνθάλασσαὴἈτλαν-

59 959 109 1011 ιο3
123 946 172 1021 τὶς
191 946 373 1029 καλεομένη
397 944 453 1010 καί
473 937 494 1029 ἡ
517 938 665 1028 Ἐρυθρὴ
684 947 743 1027 μία
763 941 920 1027 τυγχάνει
934 946 1048 1012 ἐοῦσα.
1089 942 1124 1011 Ἦ

125 1045 162 1110 δὲ
173 1048 305 1128 Κασπίη
318 1044 385 1111 ἐστὶ
396 1045 488 1128 έιέρη
500 1038 584 1109 ἐπ”
566 1047 707 1127 εωυτῆς,
722 1043 824 1108 ἐοῦσα
835 1047 940 1129 μῆκος
949 1042 1016 1130 μέν
1024 1043 1123 1113 πλέον

126 1148 249 1232 είρεσίη
263 1145 432 1233 χρεομένφ
453 1143 692 1210 πεντεκαίδεκα
704 1133 939 1259 ημερέων,
898 1165 1000 1228 ευρος
1015 1142 1070 1228 δέ,
1089 1151 1124 1231 τῇ

125 1237 289 1358 εὐρυτάτη
305 1243 372 1309 ἐστὶ
386 1237 471 1328 αύτη
459 1233 667 1326 ἐωυτῆς,’
649 1260 737 1304 οκτω
725 1232 912 1324 ἡμερέων.
940 1241 997 1307 καί
1013 1264 1057 1309 τα
1042 1236 1124 1327 μὲν

124 1335 207 1417 πρὸς
220 1334 283 1425 τὴν
298 1339 442 1425 ἑσπέρην
453 1341 651 1427 φέροντα
611 1361 670 1422 της
682 1334 857 1422 θαλάσσης
870 1336 993 1425 ταύτης
1005 1335 1025 1407 ὁ
1035 1336 1124 1407 Καύ-

124 1455 226 1514 κασος
240 1444 448 1559 παρατείνει,
465 1436 531 1506 ἐων
548 1433 679 1519 οὐρέων
694 1436 749 1502 καλ
763 1435 890 1521 πλήθει
903 1438 1063 1524 μέγιστον
1075 1440 1124 1507 καλ

125 1533 269 1620 μεγάθει
287 1533 508 1622 ὑψηλότατον.
546 1539 650 1601 ἔθνεα
667 1533 704 1600 δέ
726 1529 922 1620 ἀνθρώπων
944 1533 1055 1605 πολλοὶ
1075 1539 1125 1605 καί

125 1644 266 1699 παντοία
287 1635 324 1700 ἐν
345 1634 457 1725 ἑωυτῷ
475 1637 540 1718 ἔχει
560 1655 579 1698 ο
600 1630 796 1716 Καύκασος,
824 1628 864 1698 τά
889 1631 997 1703 πολλὰ
1021 1634 1125 1703 πάντα

125 1726 183 1796 ἀπ’
207 1727 289 1817 ύλης
312 1729 430 1820 άγρίης
451 1732 586 1815 ζύοντα.
617 1734 655 1799 έν
676 1744 762 1800 τοῖσι
778 1735 833 1800 καί
855 1736 996 1820 δένδρεα
1017 1736 1125 1823 φύλλα

124 1833 256 1914 τοιῆσδε
270 1831 360 1916 ίδέης
369 1832 580 1919 παρεχόμενα
592 1827 677 1898 εἶναι
692 1831 839 1916 λέγεται,
855 1856 897 1898 τα
885 1829 1083 1920 τρίβοντάς
1093 1857 1127 1900 τε

124 1928 179 1993 καί
203 1934 472 2015 παραμίσγοντας
495 1929 589 2015 ὕδωρ
610 1933 675 2020 ζῷα
697 1931 850 1996 ἑωυτοῖσι
871 1931 904 2009 ἐς
919 1927 982 2017 τὴν
1004 1934 1127 2021 ἐσθῆτα

124 2022 322 2111 ἐγγράφειν·
339 2025 380 2095 τά
393 2030 429 2096 δέ
440 2033 505 2118 ζῷα
520 2024 584 2096 οὐκ
602 2025 846 2113 ἐκπλύνεσθαι,
863 2025 947 2097 ἀλλὰ
959 2050 1126 2116 συγκατα-

122 2123 305 2210 γηράσκειν
319 2131 366 2217 τῷ
383 2125 473 2217 άλλφ
489 2132 580 2217 είρίφ
595 2126 743 2214 κατάπερ
764 2129 1000 2213 ἐνυφανθέντα
1012 2126 1124 2217 ἀρχήν.

123 2226 213 2308 μίξιν
237 2247 273 2288 τε
299 2223 429 2290 τούτων
453 2231 521 2292 τῶν
550 2222 744 2308 ἀνθρώπων
766 2222 851 2292 εἶναι
873 2227 1024 2312 ἐμφανέα
1044 2222 1126 2295 κατά

123 2342 186 2402 περ
200 2332 285 2387 τοῖσι
300 2320 506 2408 προβάτοισι.

57 2438 107 2490 ιοι
211 2415 259 2484 Τά
275 2420 337 2504 μὲν
353 2417 393 2505 δὴ
409 2417 494 2507 πρὸς
508 2422 652 2506 ἑσπέρην
670 2425 729 2508 τῆς
744 2418 917 2507 θαλάσσης
935 2422 1059 2510 ταύτης
1071 2429 1126 2509 τῆς

123 2522 275 2602 Κασπίης
295 2522 497 2604 καλεομένης
517 2515 730 2596 ὁΚαύκασος
747 2513 899 2604 ἀπέργει,
923 2516 965 2587 τά
989 2522 1029 2589 δὲ
1043 2518 1127 2608 πρὸς

121 2613 171 2699 ἠῶ
190 2639 226 2682 τε
246 2615 302 2682 καί
317 2613 415 2697 ἥλιον
429 2613 652 2685 ἀνατέλλοντα
673 2618 790 2682 πεδίον
809 2616 974 2684 ἐκδέκεται
996 2622 1127 2702 πλῆθος

126 2713 264 2803 άπειρον
278 2714 311 2792 ἐς
324 2711 459 2794 ἄποψιν.
493 2711 615 2780 τούτου
630 2704 678 2780 ὦν
690 2718 751 2781 τού
764 2719 883 2783 πεδίου
902 2719 965 2783 τού
976 2713 1126 2803 μεγάλου

124 2812 188 2882 ούκ
202 2816 376 2900 ἐλαχίστην
390 2825 513 2899 μοῖραν
524 2811 697 2899 μετέχουσι
710 2815 745 2879 ol
748 2815 979 2900 Μασσαγέται,
999 2810 1056 2883 ἐπ’
1067 2811 1127 2895 ὀύς

126 2910 274 3000 ὀΚῦρος
293 2918 368 2998 ἐσχε
385 2916 580 2999 προθυμίην
593 2910 872 2999 στρατεύσασθαι·
891 2912 1000 2982 πολλά
1012 2940 1050 2983 τε
1062 2914 1127 3001 γάρ

124 3034 183 3093 μιν
194 3009 249 3075 καὶ
259 3007 387 3093 μεγάλα
397 3037 438 3077 τα
425 3007 646 3098 ἐπαείροντα
657 3009 712 3076 καὶ
723 3004 986 3108 ἐποτρύνοντα
962 3038 1019 3100 ην,
1036 3022 1128 3105 πρῶ-

123 3131 185 3173 τον
201 3101 296 3192 μὲν
280 3133 300 3193 η
315 3107 459 3195 γένεσις,
475 3134 513 3176 το
501 3105 660 3176 δοκέειν
670 3107 773 3175 πλέον
783 3134 815 3175 τι
818 3101 915 3177 εἶναι
929 3107 1128 3201 άνθρύπου,

125 3202 266 3289 δεύτερα
280 3199 351 3272 δὲ
332 3232 354 3292 η
374 3201 540 3292 ευτυχίη
522 3231 543 3291 η
564 3202 648 3273 κατά
662 3200 743 3284 τούς
762 3209 929 3293 πολέμους
946 3212 1128 3335 γενομένη·

125 3300 188 3391 ὅκη
214 3299 280 3424 γάρ
309 3305 443 3374 δθύσειε
470 3304 713 3391 στρατεύεσθαι
733 3303 907 3391 Κῦρος,’
887 3306 1063 3432 αμήχανον
1086 3304 1129 3398 ἦν

56 3420 106 3471 205
122 3400 275 3471 ἐκεῖνο
241 3429 278 3472 το
295 3409 397 3482 ἐθνος
410 3405 602 3490 διαφυγεῖν.
656 3396 719 3470 Ην
730 3407 766 3472 δὲ
779 3429 841 3473 τον
826 3401 981 3492 άνδρδς
994 3405 1126 3479 άποθιι·
