2354 3840
343 196 429 252 LlB.
460 198 505 253 ΠΙ.
540 138 808 258 cmm-130.
1014 193 1074 257 '227

64 365 126 436 κόν
142 365 371 455 τετράγωνον,
391 368 446 435 ἐπὶ
469 367 508 435 88
524 370 585 435 τοῦ
602 365 712 435 νότον
736 363 848 434 αίετόν
865 367 1074 454 εἰκασμένον,

65 470 102 537 έν
120 466 160 536 88
176 471 221 556 τῇ
237 463 325 587 ούρῇ
342 465 402 547 τάς
419 474 533 555 τρίχας
552 465 707 552 διπλόας,
731 463 799 535 ύπό
818 465 856 534 δέ
873 471 915 553 τῇ
939 465 1075 556 γλύσση

63 566 250 657 κάνθαρον.
281 561 338 646 Ὡς
355 566 438 636 δὲ”
415 594 545 655 ηγαγον
560 566 622 637 τόν
636 556 732 636 Απιν
750 571 785 635 οἱ
810 567 913 653 ἱρέες,
938 565 1075 653 όΚαμ-
1086 577 1121 633 29

62 661 264 754 βύσης,οἱα
284 666 348 736 έων
365 666 655 790 ὑπομαργότερος,
680 667 893 754 σπασάμενος
909 693 947 734 το
937 664 1076 752 έγχει-

62 772 187 854 ρίδιον,
206 767 336 835 ἐθέλων
350 767 451 847 τύψαι
467 767 529 854 τὴν
547 769 691 855 γαστέρα
707 772 768 836 τοῦ
776 767 894 845 ’Ἀπιος
908 773 998 834 παίει
1013 764 1075 834 τόν

60 866 187 955 μηρόν
209 866 352 951 γελάσας
379 868 417 936 δὲ
444 866 517 936 εἱπε
543 867 627 956 πρός
653 867 731 947 τούς
759 858 946 955 ἱρέαςὮ
913 867 1076 934 Ωκακαὶ

10 998 18 1005 -
61 965 222 1050 κεφαλαὶ,
243 970 391 1032 τοιοῦτοι
410 967 487 1031 θεοὶ
505 968 716 1049 γίνονται,”
697 970 831 1047 εναιμοὶ
849 989 884 1030 τε
908 967 963 1031 καὶ
983 983 1066 1047 σαρ-

10 1076 20 1171 ’ρ
62 1062 195 1140 κόδεες
205 1064 261 1130 καὶ
279 1064 449 1140 έπαὶοντες
471 1065 648 1178 σιδηρέους
678 1058 768 1139 άξιος
788 1061 850 1144 μὲν
870 1067 1065 1146 Αἰγυπτίων

10 1154 163 1251 ζούτός
172 1184 212 1244 γε
224 1185 244 1227 ο
231 1156 356 1237 θεός·
378 1155 461 1242 άτιίρ
476 1184 528 1225 τοι
539 1155 633 1241 ὑμεῖς
647 1183 684 1241 γε
700 1154 741 1222 ού
754 1163 925 1241 χαίροντες
939 1163 1065 1243 γέλωτα

10 1266 16 1339 ξ·
10 1258 117 1344 εμὲ
127 1256 289 1343 θησεσθε
326 1262 437 1323 Ταῦτα
452 1264 545 1330 εἱπας
556 1256 736 1321 ενετειλατο
748 1267 832 1321 τοῖσι
842 1280 946 1320 ταντα
957 1253 1065 1340 πρησ

10 1348 160 1437 ,ἷσουσι
174 1380 256 1432 τους
263 1354 326 1441 μεν
339 1350 459 1440 ρέας
440 1370 728 1436 απομαστιγασαι,
745 1356 939 1436 Αἰγυπτίων
951 1351 987 1419 88
998 1377 1065 1418 τιον

60 1452 176 1521 ἄλλων
189 1448 250 1517 τόν
267 1446 310 1516 άν
326 1446 489 1535 λάβωσι
475 1447 575 1533 ορτάζ
574 1473 655 1513 οντα
669 1453 821 1514 κτείνειν.
855 1443 877 1534 ἡ
906 1445 986 1534 όρτη
975 1445 1066 1568 μὲν

10 1414 20 1649 8
60 1548 101 1636 δη
117 1550 350 1616 διελέλντοί
302 1553 350 1614 Al
348 1552 533 1631 γνπτίοισι,
550 1549 583 1611 οἱ
569 1547 632 1611 ἱδὲ
649 1547 736 1627 ἱρέες
748 1543 1009 1631 έδικαιευντο,’
995 1544 1065 1614 οδὲ

10 1664 17 1909 ρ
56 1646 150 1726 'Am
170 1648 401 1732 πεπληγμένος
421 1643 481 1711 τόν
496 1639 606 1728 μηρόν
628 1648 750 1727 ἔφθινε
767 1645 805 1709 έν
824 1649 870 1732 τῷ
887 1649 949 1734 ἱρῷ
964 1671 1066 1712 κατα-

59 1752 221 1832 κείμενος.
251 1738 360 1810 καλ
326 1767 387 1809 τον
409 1744 470 1827 μὲν
491 1740 733 1827 τελευτήσαντα
755 1741 792 1807 έιι
814 1747 875 1806 τοῦ
895 1741 1066 1826 τρώματος

10 1812 243 1924 ἔθαψαν
209 1868 227 1909 ο
255 1845 340 1926 ἱρέες
354 1840 466 1927 λάθρη
483 1838 680 1923 Καμβύσεω.

147 1937 332 2057 Καμβύσης
355 1939 408 2022 δέ,
431 1934 476 2015 ὡς
496 1939 632 2021 λέγουσι
646 1934 844 2022 Αίγύπτιον,
867 1933 985 2003 αὐτίκα
1007 1936 1062 2004 διὰ
1075 1951 1111 2006 30

56 2043 157 2106 τοῦτο
172 2061 211 2103 το
199 2032 371 2121 άδίκημα
386 1987 509 2120 έμάνη,
527 2031 592 2100 ἐόν
607 2030 686 2100 οὐδὲ
700 2033 865 2121 πρότερον
882 2035 1060 2123 φρενήρης.

56 2139 112 2206 καὶ
133 2143 248 2223 πρῶτα
270 2138 333 2222 μὲν
353 2141 421 2203 τῶν
446 2141 560 2202 κακῶν
586 2131 783 2217 ἐξεργάσατο
808 2132 868 2202 τόν
895 2130 1062 2219 ἀδελφεόν

55 2238 208 2321 Σμέρδιν
223 2233 321 2302 έόντα
335 2232 459 2319 πατρὸς
480 2234 535 2301 καὶ
549 2230 672 2319 μητρός
691 2238 749 2317 τῆς
763 2230 880 2320 αὐτῆς,
903 2231 963 2300 τόν
980 2229 1062 2299 άπέ-

55 2344 167 2419 πέμψε
180 2334 213 2409 ές
224 2333 356 2416 Πέρσας
367 2329 488 2420 φθόνφ
504 2333 536 2409 έξ
547 2330 732 2415 Αἰγύπτου,
750 2328 800 2396 ὅτι
813 2328 850 2398 τό
862 2330 960 2409 τόξον
975 2335 1062 2414 μοῦ·

54 2454 115 2508 νος
140 2430 301 2517 Περσέων
326 2425 408 2495 όσον
434 2453 469 2494 τε
494 2428 548 2494 έπὶ
572 2426 634 2493 δύο
659 2425 844 2504 δακτύλους
866 2436 995 2511 εἱρνσε,
1022 2422 1059 2491 τό

55 2522 148 2612 παρὰ
162 2532 224 2592 τοῦ
237 2530 403 2603 Αἱθίοπος
420 2522 560 2610 ἤνεικαν
574 2529 607 2591 οἱ
615 2521 850 2609 Ἰχθυοφάγοι,
868 2530 936 2590 τόν
950 2525 986 2590 δὲ
1000 2520 1062 2589 άλ-

54 2633 127 2693 λων
140 2624 300 2704 Περσέων
318 2619 428 2700 οὐδεὶς
451 2617 520 2699 οἷός
541 2647 576 2688 τε
597 2622 737 2706 ἐγένετο.
773 2617 996 2707 ἀποιχομένου
1014 2612 1063 2688 όν

17 2802 24 2809 ,
54 2724 89 2799 ές
109 2720 242 2808 Πέρσας
260 2725 321 2786 τοῦ
341 2723 507 2806 Σμέρδιος
528 2717 608 2800 όψιν
632 2716 697 2786 εἶδε
718 2716 736 2786 8
755 2721 939 2806 Καμβύσης
959 2723 996 2786 έν
1015 2722 1060 2810 τῷ

54 2816 155 2907 ὕπνφ
176 2814 328 2902 τοιήνδε
357 2820 497 2896 ἔδοξέ
463 2842 494 2884 οι
516 2814 659 2902 ἄγγελον
681 2815 825 2884 ἐλθόντα
846 2819 882 2884 έκ
902 2822 1061 2899 Περσέων

55 2886 285 3002 άγγέλλειν,’
263 2940 307 2992 ως
320 2917 357 2982 έν
368 2941 414 3004 ιφ
399 2914 544 3035 θρόνῳ
559 2941 604 3004 ιφ
591 2921 776 3005 βασιληίῳ
790 2913 939 3033 ἱζόμενος
949 2918 1062 2999 Σμέρ-

57 3017 108 3091 δις
128 3039 168 3099 τη
192 3018 322 3100 κεφαλῇ
342 3018 404 3079 τοῦ
428 3009 577 3097 ούρανοῦ
602 3013 751 3092 ψαύσειε.
782 3007 869 3096 πρός
888 3037 937 3078 ων
956 3016 1060 3078 ταῦτα

55 3100 167 3190 δείσας
182 3112 258 3196 περὶ
273 3113 411 3196 ἑαυτοῦ,
426 3136 470 3197 μη
483 3135 541 3195 μιν
552 3107 749 3186 ἀποκτείνας
760 3134 777 3174 ο
766 3103 985 3194 ’άδελφεός”
963 3132 1058 3196 αρχη,

31 3276 35 3281 ,
55 3214 176 3285 πέμπει
190 3208 394 3296 Πρηξάσπεα
414 3210 447 3285 ές
460 3204 648 3293 Πέρσας,”
627 3232 664 3284 ος
679 3196 756 3273 οἱ
734 3230 778 3290 ην
799 3200 884 3320 άνηρ
899 3206 1058 3286 Περσέων

54 3305 267 3393 πιστότατος,
289 3303 533 3375 ἀποκτενέοντά
553 3331 621 3390 μιν.
652 3301 669 3371 8
691 3302 727 3369 δέ
747 3297 875 3388 άναβάς
895 3303 928 3379 ές
942 3308 1059 3368 Σοῦσα

54 3399 228 3478 άπέκτεινε
250 3409 415 3493 Σμέρδιν,
444 3408 477 3471 οἱ
495 3402 556 3489 μέν
576 3404 711 3489 λέγουσι
733 3397 786 3468 ἐπ’
812 3395 920 3519 άγρηγ
941 3400 1058 3485 ἐξαγα-

296 3533 297 3536 =
858 3498 891 3549 15

1032 3522 1140 3616 fl
