2354 3840
106 219 168 285 178
479 227 732 287 HERODOTI

84 380 162 460 τάς
175 378 284 462 δεξιάς
304 386 485 468 παρηίδας,
508 385 667 452 ἐπιθέντα
689 383 780 454 δέ
745 412 807 455 τον
830 390 937 455 νέκυν
962 388 1014 457 έπί
1028 412 1088 467 m

102 477 203 557 ὄνους
218 476 422 548 ἀπελαύνειν
442 478 494 548 ἐπ’
510 489 625 567 οίκου,
648 484 882 555 ἐπιτελέσαντα
896 511 940 607 τη
923 484 1087 575 Ημησρί
1058 512 1089 565 ια

75 581 362 664 επροσταχθέντα.
411 575 538 646 Τόνδέ
552 581 708 667 βασιλέα,
729 578 840 660 ὦς’
796 588 889 674 αυτῷ
914 580 1105 673 ἀπηγγέλθη

101 684 162 745 τοῦ
178 675 292 764 φωρδς
303 703 322 744 ο
309 675 433 755 ’νέκυς
447 679 722 764 ἐκκεκλεμμένος,
744 682 840 749 δεινα
854 681 1000 769 ποιέειν,
1019 680 1091 755 ταύ-

101 776 219 855 τυςδδ
239 774 451 863 βουλόμενον
472 771 698 862 εὖρεθήναι“
676 796 768 856 οστις
791 777 877 847 κοτέ·
889 788 943 868 είη
965 777 1088 851 ὅταΐπι

103 874 361 964 μηχανεόμενος,
388 880 529 962 ποιῆσαί
549 901 610 963 μιν
634 876 731 963 τάδε,
753 878 827 965 έμοί
844 876 910 964 μέν
929 875 973 948 οά
992 878 1088 951 πιστά·

99 976 161 1064 τήν
176 977 348 1061 θυγατέρα
363 973 426 1065 τήν
439 977 567 1043 ἑαυτοῦ
581 980 713 1043 κατίσαι
727 971 780 1044 ἐπ’
796 975 988 1065 οἰκήματος,
1002 979 1104 1055 hm,

99 1076 246 1162 λάμενον
259 1074 386 1152 πάντας
395 1099 431 1141 τε
444 1070 567 1159 ὁμοίως
576 1077 839 1162 προσδέκεσθαι,
856 1076 915 1143 καί
928 1076 1010 1163 πρίν
1021 1094 1088 1163 συγ-
1101 1090 1104 1095 “

98 1177 273 1260 γενέσθαι,
306 1170 505 1259 ἀναγκάζειν
526 1172 637 1256 λέγειν
652 1168 737 1259 αὐτῇ
757 1168 778 1240 6
796 1197 829 1240 τι
849 1169 893 1261 δή
915 1174 955 1241 έν
975 1178 1022 1264 τῷ
1040 1178 1088 1263 βίη

99 1277 254 1357 ἔργασται
273 1266 364 1360 αὐτῷ
384 1268 581 1357 σοφότατον
605 1272 662 1338 καί
680 1267 929 1358 ἀνοσιώτατον,
949 1267 989 1351 ἀς
1003 1266 1036 1339 δ’
1055 1264 1087 1345 ἀι

97 1367 306 1456 ἀπηγήσηται
315 1364 357 1434 τὰ
368 1369 445 1451 περί
457 1365 519 1434 τόν
533 1373 631 1452 φῶρα
644 1368 868 1454 γεγενημένα,
882 1373 1008 1437 τοῦτον
1020 1374 1089 1437 συλ·

96 1467 280 1553 λαμβάνειν
294 1469 348 1534 καί
362 1462 406 1553 μή
422 1463 555 1532 ἀπιέναι
571 1468 642 1543 ἔξω.
673 1462 718 1544 ῶς
731 1465 768 1533 δέ
781 1462 845 1552 τήν
858 1469 964 1535 παῖδα
977 1466 1088 1533 ποιέειν

96 1562 136 1630 τά
152 1567 189 1632 έκ
203 1573 264 1633 τοῦ
284 1561 409 1651 πατρός
422 1564 690 1648 προσταχθέντα,
710 1559 772 1630 τὸν
788 1569 888 1651 φῶρα
901 1560 1087 1651 πυθόμενον

97 1671 163 1730 τῶν
179 1668 306 1732 εἵνεκεν
322 1669 426 1731 ταῦτα
441 1660 639 1749 ἐπρήσσετο,
660 1664 873 1748 βουληθέντα
893 1666 1087 1751 πολυτροπίῃ

95 1769 155 1828 τοῦ
169 1763 321 1848 βασιλέος
336 1760 573 1845 περιγενέσθαι
589 1760 716 1826 ποιέειν
729 1757 825 1827 τάδε·
854 1764 983 1846 νεαροῦ
996 1772 1087 1846 προσ-

96 1859 205 1944 φάτου
224 1857 438 1945 ἀποταμόντα
459 1859 496 1925 έν
519 1862 566 1945 τῷ
593 1854 672 1946 ἀμφ
691 1854 753 1941 τήν
772 1870 866 1943 γείρα
885 1856 975 1923 ἰέναι
996 1850 1086 1923 αὐτόν

92 1967 209 2050 έχοντα
227 1958 335 2048 αότήν
352 1953 421 2028 ἀπό
438 1963 485 2050 τῷ
510 1961 647 2048 ίματέφ,
673 1953 855 2025 έσελθόντα
878 1951 919 2021 δέ
936 1951 1023 2041 πρὸς
1037 1974 1085 2019 τοι

92 2060 298 2147 βασιλέος
260 2088 323 2146 την
339 2032 511 2148 θυγατέρα
534 2057 591 2127 καί
609 2054 848 2175 είρφτεόμενον
864 2052 971 2143 τάπερ
994 2048 1086 2121 καλοί

91 2159 202 2246 ἀλλοι,
225 2158 462 2244 ἀπηγήσασθαι
483 2153 528 2234 ῶς
542 2152 769 2222 ἀνοσιώτατον
784 2154 846 2238 μέν
861 2160 912 2237 είη
933 2146 1083 2235 ἐργασμέ-

91 2282 165 2342 νος,
194 2254 249 2323 ότε
272 2282 334 2323 τον
319 2252 517 2340 ἀδελφεοῦ
544 2254 581 2321 έν
602 2258 649 2342 τῶ
670 2257 834 2342 θησαυρφ
858 2256 922 2319 τοῦ
942 2246 1082 2337 βασιλέα

91 2350 157 2422 ὑπό
173 2351 281 2440 πάγης
296 2351 436 2430 ἁλόντος
451 2349 617 2438 ἀποτάμοι
630 2347 693 2437 τήν
706 2346 874 2435 κεφαλήν,
895 2346 1082 2435 σοφώτατον

91 2452 144 2532 δέ,
174 2451 225 2519 ότι
248 2448 327 2529 τοάς
352 2449 528 2535 φυλάκους
552 2447 787 2535 καταμεθύσας
810 2444 1010 2519 καταλύσειε
1029 2444 1080 2511 τοῦ

89 2543 255 2629 ἀδελφεοῦ
270 2547 480 2633 κρεμαμένου
506 2541 566 2613 τόν
590 2546 702 2612 νέκυν.
735 2541 798 2631 τήν
814 2541 870 2629 δέ,
897 2538 1080 2631 ῶςήιιοασί,

89 2639 254 2707 άπτεσθαι
269 2639 390 2709 αὐτοῦ·
423 2639 483 2709 τὸν
504 2640 540 2709 δέ
555 2648 653 2728 φῶρα
674 2643 711 2709 έν
730 2646 777 2731 τῷ
794 2637 908 2708 σκότει
920 2648 1080 2727 προτείυαι

89 2734 173 2823 αὐτή
185 2744 246 2804 τοῦ
261 2745 385 2824 νεκροῦ
398 2737 462 2826 τήν
473 2753 582 2827 χείρα·
603 2737 666 2825 τήν
681 2738 716 2806 δέ
730 2740 976 2826 ἐπιλαβομένην
992 2740 1080 2831 διον,

88 2837 290 2919 νομίζουσαν
312 2832 416 2903 αὐτοῦ
437 2838 569 2904 ἐκείνου
588 2844 646 2922 τῆς
665 2833 776 2922 χειρός
794 2833 1011 2923 ἀντέχεσθαι·
1024 2832 1080 2905 -τδτ

89 2930 124 2996 δέ
147 2937 245 3014 φῶρα
271 2935 459 3018 προέμενον
481 2931 565 3022 αὐτή
589 2943 740 3018 οίχεσθαι
768 2931 823 3001 διά
843 2935 985 3021 θυρέων
1005 2930 1081 3023 φιδ-

60 3035 199 3111 ζγοντα.
238 3025 297 3107 Ὡς
311 3031 347 3098 δέ
369 3033 425 3098 καί
443 3039 547 3101 ταῦτα
568 3031 648 3113 ές
614 3060 675 3102 τον
688 3036 827 3120 βασιλέα
841 3030 1083 3123 ἀνενηνελχδαι,

89 3125 363 3209 ἐκπεπλῆχθαι
327 3152 389 3211 μεν
404 3129 456 3195 έπλ
470 3135 510 3217 τῇ
524 3130 768 3219 πολυφροσάνη
781 3156 818 3199 τε
828 3133 884 3201 καί
892 3130 999 3222 τόλμη
1009 3128 1082 3203 τόν·

88 3217 248 3304 θρῶπον,
281 3222 373 3301 τέλος
399 3225 435 3291 δὲ
460 3228 687 3312 διαπέμποντα
713 3230 747 3307 ές
776 3227 886 3308 πάσας
909 3226 970 3309 τὰς
995 3228 1083 3309 πόλις

89 3316 349 3399 ἐπαγγέλλεσθαι
362 3316 477 3388 ἀδειαν
497 3348 533 3390 τε
553 3323 690 3392 διδόντα
710 3326 766 3392 καί
780 3322 910 3411 μεγάλα
923 3322 1084 3396 ὑποδεκό-

87 3435 191 3495 μενον
206 3411 341 3480 έλθόντι
353 3415 417 3494 ές”
397 3431 477 3499 οψιν
486 3417 549 3506 τήν
560 3423 702 3489 ἑωυτοῦ
723 3419 784 3489 τόν
795 3423 833 3491 δέ
843 3430 944 3513 φῶρα
953 3422 1124 3495 nand-¹
