2354 3840
112 167 173 228 150
491 173 742 233 HERODOTI

111 332 167 450 καὶ
177 325 256 406 τούς
266 326 391 407 λύκους
402 354 444 396 ου
433 326 567 421 ’πολλῷ
578 357 640 422 τεφ
654 331 771 412 ἐόντας
782 330 970 404 ἀλωπέκων
979 338 1106 424 μέζονας

113 423 217 495 αύτου
202 424 416 513 θάπτουσι,
438 434 478 515 τῇ
493 424 536 495 66
544 397 736 515 εὑρεθέωσι
750 439 908 518 κείμενοι.

62 538 98 593 68
199 531 274 592 Τῶν
290 524 326 592 δέ
340 524 594 613 κροκοδείλωνὴ
607 527 709 613 φύσις
724 530 791 597 ἐστὶ
806 532 937 620 τοιήδε·
958 530 1040 613 τούς
1048 558 1107 655 66·

110 623 334 713 μεριωτοὶτους
348 631 454 711 μῆνας
467 629 622 713 τέσσερας
633 629 711 695 έσθί
696 633 738 695 ίει
753 625 865 718 οὐδὲν,
881 627 941 699 έδυ
952 634 992 701 δὲ
1001 631 1106 754 τετρί-

111 750 200 792 πουν
220 737 376 811 χερσαῖον
390 728 445 792 καλ
459 727 615 812 λιμναῖόν
629 728 771 795 eon-c
736 734 838 797 τίκτει
853 728 973 816 μέν
931 756 1029 823 χαρ
1016 728 1106 799 666

112 852 154 912 6
112 824 224 909 καλ
243 824 387 908 ἐκλέπει,
410 827 466 891 καὶ
486 822 523 892 τό
541 821 667 902 πολλὸν
682 831 740 911 τῆς
753 823 879 915 ἡμέρης
899 831 1105 949 διατρίβειέν

110 946 156 1010 τφ
143 918 321 1038 ξηρφ,
286 946 348 1006 την
363 920 460 988 δέ’
415 947 521 990 νυκτα
537 929 649 989 πᾶσαν
662 924 699 991 έν
713 929 759 1014 τῷ
774 932 930 1016 ποταμφ
950 924 1105 1014 θερμότε-

112 1043 174 1105 ρον
187 1015 251 1105 γὰρ
267 1017 308 1106 δή
324 1016 442 1086 έστι
408 1046 445 1087 το
462 1018 554 1109 ὕδωρ
568 1027 626 1107 τῆς
639 1046 675 1088 τε
691 1026 890 1109 αδδρίηςκαδ
903 1032 963 1112 τῆς
979 1024 1102 1114 δρόσον.

110 1117 248 1186 πόντων
263 1119 299 1185 δὲ
315 1125 383 1186 τῶν
402 1115 496 1205 ἡμεῖς
511 1124 607 1205 ίδμεν
613 1126 760 1240 666666
774 1126 872 1188 τούτο
891 1124 926 1203 ἐξ
943 1125 1103 1210 έλαχίστου

110 1218 266 1304 μέγιστον
280 1224 424 1302 γίνεται·
447 1244 488 1285 τα
476 1215 621 1340 μέν
581 1243 675 1310 γαρ
663 1215 711 1285 66
699 1215 912 1304 χηνέων’
872 1246 915 1289 ου
929 1229 1043 1312 πολλῷ
1055 1222 1102 1308 μέ

112 1324 189 1398 ζονα
204 1322 321 1402 τίκτει,
346 1314 430 1384 καλ
416 1344 433 1385 ο
449 1314 586 1396 νεοσσός
600 1314 682 1385 κατὰ
698 1315 801 1403 λόγον
814 1324 875 1387 τοῦ
890 1316 962 1411 χόον
947 1288 1099 1407 χίύετιι,

112 1410 338 1498 αὐξανόμενος
353 1414 389 1481 δέ
401 1421 528 1501 γίνεται
543 1441 598 1482 και
587 1417 646 1493 ές
661 1416 904 1483 ἑπτακαίδεκα
892 1415 1036 1505 πήχεας,
1057 1417 1100 1485 καί

111 1515 217 1596 μέζων
235 1517 291 1579 ἔτι.
315 1513 432 1598 έχειδέ
447 1510 647 1599 ὀφθαλμούς
661 1510 762 1599 μὲν
744 1510 820 1600 υδς,
848 1511 993 1595 ὀδόντας
1006 1517 1099 1603 δέμε·

111 1607 236 1693 μέλους
265 1611 320 1676 καὶ
349 1609 587 1694 χαυλιόδοντας
617 1607 699 1678 κατὰ
730 1610 834 1695 λόγον
861 1618 925 1679 τοῦ
953 1611 1097 1700 σώματος.

110 1713 265 1791 γλῶσσαν
286 1707 322 1773 δέ
336 1714 465 1792 μούνου
478 1717 611 1796 θηρίων
628 1706 690 1775 ούκ
705 1713 818 1794 ἔφυσε.
853 1707 933 1778 ούδέ
948 1708 1013 1799 τὴν
1025 1708 1099 1780 κότε

111 1809 213 1873 κινέει
226 1805 375 1892 γνάθον,
391 1805 475 1876 ἀλλὰ
490 1811 545 1876 καὶ
560 1815 658 1877 τοῦτο
675 1815 805 1895 μοῦνον
818 1816 954 1898 θηρίων
966 1808 1031 1899 τὴν
1042 1809 1102 1879 δυο

110 1903 244 1990 μνοίθον
264 1903 425 1990 προσάγει
450 1912 490 1994 τῇ
510 1906 608 1973 κάτω.
644 1912 709 1991 ἔχει
730 1907 767 1973 δέ
782 1908 837 1975 καὶ
857 1904 983 1994 όνυχας
996 1932 1102 1995 καρτε-

111 2001 192 2086 ρούς
215 2006 270 2070 καλ
295 2006 398 2089 δέρμα
427 2001 612 2072 λεπιδωτόν
637 2001 805 2090 ἄρρηκτον
826 2005 879 2072 ἐπὶ
902 2011 966 2072 τοῦ
992 2004 1100 2074 νότου.

109 2099 241 2187 τυφλόν
261 2102 298 2168 δὲ
312 2105 349 2169 ἐν
369 2099 484 2187 ύδατι,
506 2104 543 2169 έν
565 2101 601 2168 δὲ
623 2106 663 2189 τῇ
687 2105 803 2188 αδδρίχ
823 2095 1100 2187 ὀξυδερκέστατον.
1140 2118 1142 2139 ¹

111 2199 169 2268 ἅτε
189 2196 230 2286 66
249 2192 298 2266 όν
318 2202 355 2267 έν
375 2197 472 2266 ύδατι
492 2202 622 2267 δίαιταν
637 2197 857 2283 ποιεύμενον,
878 2193 917 2265 τό
938 2197 1045 2285 στόμα
1058 2202 1103 2265 έν-
1140 2194 1142 2203 ’

112 2301 215 2364 δοθεν
230 2298 344 2384 φορέει
357 2303 426 2364 πᾶν
439 2292 562 2384 μεστόν
576 2297 751 2382 βδελλέων.
774 2291 814 2360 τδι
826 2291 942 2382 μὲνδὴ
957 2292 1043 2364 ἄλλα
1056 2291 1104 2378 66-

110 2421 170 2463 νεα
184 2398 239 2463 καὶ
261 2400 366 2481 θηρία
388 2394 507 2481 φεύγει
527 2420 603 2480 μιν,
626 2389 643 2460 6
669 2393 705 2460 δὲ
729 2399 878 2480 τροχίλος
895 2390 1106 2481 είρηναίόνοί

110 2493 194 2578 ε’στι,
214 2489 272 2558 ὅτε
294 2488 512 2580 ὠφελεομένῳ
530 2486 615 2577 πρὸς
637 2485 758 2556 αύτού·
780 2483 882 2556 έπεδιυ
906 2486 973 2577 μὰρ
995 2491 1031 2568 ές
1054 2483 1106 2573 τὴν

109 2597 173 2674 γῆν
189 2591 269 2676 έκβῇ
284 2593 320 2655 έκ
334 2595 395 2656 τοῦ
408 2588 530 2667 ύδατος
550 2585 568 2655 6
585 2586 796 2674 κροκόδειλος
816 2586 873 2653 καὶ
887 2590 1019 2655 ἔπειτεν
1032 2585 1108 2674 χάνῃ

110 2694 212 2776 (ἔωθε
228 2684 293 2773 γὰρ
310 2693 407 2754 τοῦτο
431 2684 475 2766 ὡς
490 2689 612 2755 έπίπαν
625 2687 751 2751 ποιέειν
766 2678 850 2769 πρός
865 2681 926 2750 τόν
942 2685 1108 2772 ζέφυρον),

109 2789 257 2901 ένθαύτμ
275 2781 293 2852 6
314 2792 463 2872 τροχίλος
488 2783 641 2851 ἐσδύνων
658 2784 691 2859 ές
705 2777 742 2848 τό
763 2779 869 2866 στόμα
884 2778 993 2849 αὐτοῦ
1016 2807 1107 2851 κατα·

108 2888 197 2950 πίνει
211 2877 271 2958 τας
291 2884 446 2967 βδέλλας·
476 2876 493 2946 6
513 2876 549 2946 δέ
566 2874 799 2963 ὠφελεύμενος
812 2873 927 2962 ἥδεται
940 2877 999 2945 καὶ
1016 2874 1109 2945 ούδὲν

60 3005 94 3060 ες
110 2987 235 3047 σίνεται
259 2975 320 3045 τόν
343 2983 505 3066 τροχίλον.
553 2983 646 3043 Τοῖσι
671 2972 733 3059 μέν
758 2970 799 3060 66
826 2980 895 3045 τῶν,
917 2980 1110 3060 Αἰγυπτίων

108 3082 178 3156 ίοοί
197 3082 260 3143 είσι
285 3079 320 3142 oc
337 3075 563 3160 κροκόδειλοι,
590 3086 676 3140 τοῖσι
698 3068 730 3137 δ’
753 3063 813 3157 ού,
835 3069 910 3140 ἀλλ’
932 3071 998 3142 ἅτε
1017 3079 1109 3141 πολε·

108 3181 205 3262 μίους
219 3176 423 3263 περιέπουσι.
453 3179 488 3243 οί
501 3174 632 3260 δέπερί
644 3198 679 3240 τε
697 3172 810 3258 Θήβας
824 3167 956 3258 κοίτην
976 3177 1111 3258 Μοίριος

108 3280 231 3361 λίμνην
245 3277 407 3356 οἰκέοντες
421 3278 476 3345 καὶ
491 3277 596 3362 κύρτα
615 3270 752 3358 ἡγέαται
767 3269 892 3350 αύτούς
907 3269 1000 3343 είυαι
1012 3269 1111 3357 ίρούς.

108 3376 145 3442 ἐκ
159 3372 296 3442 πάντων
311 3371 347 3441 δέ
362 3375 421 3441 ἕνα
436 3373 584 3459 έκότεροι
599 3376 759 3458 τρέφουσι
773 3368 1013 3455 κροκόδειλον,
1027 3370 1108 3437 δεδι
