<?xml version="1.0" encoding="UTF-8"?>
<!DOCTYPE html PUBLIC "-//W3C//DTD XHTML 1.0 Transitional//EN"
    "http://www.w3.org/TR/xhtml1/DTD/xhtml1-transitional.dtd">
<html xmlns="http://www.w3.org/1999/xhtml" xml:lang="en" lang="en">
 <head>
  <title>
</title>
<meta http-equiv="Content-Type" content="text/html;charset=utf-8" />
  <meta name='ocr-system' content='tesseract 3.04.00' />
  <meta name='ocr-capabilities' content='ocr_page ocr_carea ocr_par ocr_line ocrx_word'/>
</head>
<body>
  <div class='ocr_page' id='page_1' title='image "./herodotihistori03herogoog_0417.png"; bbox 0 0 2354 3840; ppageno 0'>
   <div class='ocr_carea' id='block_1_1' title="bbox 127 208 758 291">
    <p class='ocr_par' dir='ltr' id='par_1_1' title="bbox 127 208 758 291">
     <span class='ocr_line' id='line_1_1' title="bbox 127 208 758 291; baseline -0.014 -2"><span class='ocrx_word' id='word_1_1' title='bbox 127 225 188 291; x_wconf 76' lang='lat'><strong><em>³78</em></strong></span> <span class='ocrx_word' id='word_1_2' title='bbox 506 208 758 283; x_wconf 76' lang='grc' dir='ltr'><strong><em>ιιιιιοοοτί</em></strong></span> 
     </span>
    </p>
   </div>
   <div class='ocr_carea' id='block_1_2' title="bbox 58 380 1169 3500">
    <p class='ocr_par' dir='ltr' id='par_1_2' title="bbox 124 380 1169 963">
     <span class='ocr_line' id='line_1_2' title="bbox 127 380 1169 508; baseline -0.003 -50"><span class='ocrx_word' id='word_1_3' title='bbox 127 415 181 475; x_wconf 90' lang='grc' dir='ltr'><strong><em>της</em></strong></span> <span class='ocrx_word' id='word_1_4' title='bbox 187 392 346 474; x_wconf 90' lang='grc' dir='ltr'><strong><em>Πιερικης</em></strong></span> <span class='ocrx_word' id='word_1_5' title='bbox 356 388 475 502; x_wconf 88' lang='grc' dir='ltr'><strong><em>πίσσης</em></strong></span> <span class='ocrx_word' id='word_1_6' title='bbox 487 380 628 470; x_wconf 83' lang='grc' dir='ltr'><strong><em>ἀμείνω·</em></strong></span> <span class='ocrx_word' id='word_1_7' title='bbox 651 383 801 467; x_wconf 76' lang='grc' dir='ltr'><strong><em>ἐσχέουσι</em></strong></span> <span class='ocrx_word' id='word_1_8' title='bbox 813 385 848 453; x_wconf 75' lang='lat'><strong><em>66</em></strong></span> <span class='ocrx_word' id='word_1_9' title='bbox 860 387 893 465; x_wconf 88' lang='grc' dir='ltr'><strong><em>ἐς</em></strong></span> <span class='ocrx_word' id='word_1_10' title='bbox 903 383 1063 459; x_wconf 82' lang='grc' dir='ltr'><strong><em>λάκκον’</em></strong></span> <span class='ocrx_word' id='word_1_11' title='bbox 1044 411 1169 508; x_wconf 70' lang='grc' dir='ltr'><strong><em>ορφ·</em></strong></span> 
     </span>
     <span class='ocr_line' id='line_1_3' title="bbox 124 477 1169 605; baseline -0.003 -51"><span class='ocrx_word' id='word_1_12' title='bbox 124 484 294 571; x_wconf 78' lang='grc' dir='ltr'><strong><em>ρυχμενον</em></strong></span> <span class='ocrx_word' id='word_1_13' title='bbox 304 478 474 568; x_wconf 78' lang='grc' dir='ltr'><strong><em>αγχουτης</em></strong></span> <span class='ocrx_word' id='word_1_14' title='bbox 483 485 617 566; x_wconf 84' lang='grc' dir='ltr'><strong><em>λίμνης</em></strong></span> <span class='ocrx_word' id='word_1_15' title='bbox 633 477 784 547; x_wconf 76' lang='grc' dir='ltr'><strong><em>ἐπεάνόέ</em></strong></span> <span class='ocrx_word' id='word_1_16' title='bbox 792 477 1128 573; x_wconf 75' lang='grc' dir='ltr'><strong><em>ἀθροίσωσισυχνην,</em></strong></span> <span class='ocrx_word' id='word_1_17' title='bbox 1166 542 1169 605; x_wconf 93' lang='lat'>3</span> 
     </span>
     <span class='ocr_line' id='line_1_4' title="bbox 124 576 1169 702; baseline 0.003 -52"><span class='ocrx_word' id='word_1_18' title='bbox 124 582 215 650; x_wconf 82' lang='grc' dir='ltr'><strong><em>οὕτω</em></strong></span> <span class='ocrx_word' id='word_1_19' title='bbox 228 584 261 660; x_wconf 90' lang='grc' dir='ltr'><strong><em>ἐς</em></strong></span> <span class='ocrx_word' id='word_1_20' title='bbox 276 578 354 658; x_wconf 78' lang='grc' dir='ltr'><strong><em>τούς</em></strong></span> <span class='ocrx_word' id='word_1_21' title='bbox 368 576 540 664; x_wconf 78' lang='grc' dir='ltr'><strong><em>ἀμφορέας</em></strong></span> <span class='ocrx_word' id='word_1_22' title='bbox 556 579 592 651; x_wconf 86' lang='grc' dir='ltr'><strong><em>ἐκ</em></strong></span> <span class='ocrx_word' id='word_1_23' title='bbox 606 602 666 644; x_wconf 87' lang='grc' dir='ltr'><strong><em>του</em></strong></span> <span class='ocrx_word' id='word_1_24' title='bbox 652 578 810 648; x_wconf 82' lang='grc' dir='ltr'><strong><em>λάκκον</em></strong></span> <span class='ocrx_word' id='word_1_25' title='bbox 825 581 1086 702; x_wconf 42' lang='grc' dir='ltr'><strong><em>καταχέουσιἺ</em></strong></span> <span class='ocrx_word' id='word_1_26' title='bbox 1065 610 1127 652; x_wconf 85' lang='grc' dir='ltr'><strong><em>οτι</em></strong></span> <span class='ocrx_word' id='word_1_27' title='bbox 1166 594 1169 653; x_wconf 81' lang='grc' dir='ltr'>ἰ</span> 
     </span>
     <span class='ocr_line' id='line_1_5' title="bbox 125 662 1168 765; baseline 0.001 -17"><span class='ocrx_word' id='word_1_28' title='bbox 125 675 196 748; x_wconf 89' lang='lat'><strong><em>6&#39;</em></strong></span> <span class='ocrx_word' id='word_1_29' title='bbox 175 706 218 746; x_wconf 91' lang='grc' dir='ltr'><strong><em>αν</em></strong></span> <span class='ocrx_word' id='word_1_30' title='bbox 236 680 359 765; x_wconf 88' lang='grc' dir='ltr'><strong><em>ἐσπέση</em></strong></span> <span class='ocrx_word' id='word_1_31' title='bbox 374 672 456 754; x_wconf 87' lang='grc' dir='ltr'><strong><em>ἐς</em></strong></span> <span class='ocrx_word' id='word_1_32' title='bbox 420 701 483 763; x_wconf 89' lang='grc' dir='ltr'><strong><em>την</em></strong></span> <span class='ocrx_word' id='word_1_33' title='bbox 497 682 636 761; x_wconf 81' lang='grc' dir='ltr'><em>λίμνην,</em></span> <span class='ocrx_word' id='word_1_34' title='bbox 658 673 725 743; x_wconf 79' lang='grc' dir='ltr'><strong><em>ὑπὸ</em></strong></span> <span class='ocrx_word' id='word_1_35' title='bbox 746 683 811 762; x_wconf 71' lang='grc' dir='ltr'><strong><em>γῆν</em></strong></span> <span class='ocrx_word' id='word_1_36' title='bbox 831 673 886 745; x_wconf 83' lang='grc' dir='ltr'><strong><em>ίόν</em></strong></span> <span class='ocrx_word' id='word_1_37' title='bbox 907 662 1168 765; x_wconf 84' lang='grc' dir='ltr'><strong><em>ἀναφαίνεταιΙ</em></strong></span> 
     </span>
     <span class='ocr_line' id='line_1_6' title="bbox 124 770 1124 865; baseline 0 -22"><span class='ocrx_word' id='word_1_38' title='bbox 124 779 162 844; x_wconf 87' lang='grc' dir='ltr'><strong><em>έν</em></strong></span> <span class='ocrx_word' id='word_1_39' title='bbox 175 803 215 865; x_wconf 88' lang='grc' dir='ltr'><strong><em>τη</em></strong></span> <span class='ocrx_word' id='word_1_40' title='bbox 200 773 402 862; x_wconf 89' lang='grc' dir='ltr'><strong><em>θαλάσση,</em></strong></span> <span class='ocrx_word' id='word_1_41' title='bbox 423 800 444 860; x_wconf 98' lang='grc' dir='ltr'><strong><em>η</em></strong></span> <span class='ocrx_word' id='word_1_42' title='bbox 433 771 501 842; x_wconf 72' lang='lat'><strong><em>‘66</em></strong></span> <span class='ocrx_word' id='word_1_43' title='bbox 517 770 664 859; x_wconf 54' lang='grc' dir='ltr'><strong><em>ἀπέχειε</em></strong></span> <span class='ocrx_word' id='word_1_44' title='bbox 643 800 687 852; x_wconf 93' lang='grc' dir='ltr'><strong><em>ως</em></strong></span> <span class='ocrx_word' id='word_1_45' title='bbox 701 776 841 861; x_wconf 88' lang='grc' dir='ltr'><strong><em>τέσσερα</em></strong></span> <span class='ocrx_word' id='word_1_46' title='bbox 852 773 1008 844; x_wconf 80' lang='grc' dir='ltr'><strong><em>στάσια’</em></strong></span> <span class='ocrx_word' id='word_1_47' title='bbox 989 775 1056 847; x_wconf 67' lang='lat' dir='ltr'><strong><em>aad</em></strong></span> <span class='ocrx_word' id='word_1_48' title='bbox 1071 783 1124 862; x_wconf 83' lang='grc' dir='ltr'><strong><em>τῆς</em></strong></span> 
     </span>
     <span class='ocr_line' id='line_1_7' title="bbox 124 863 1126 963; baseline 0 -20"><span class='ocrx_word' id='word_1_49' title='bbox 124 880 250 960; x_wconf 89' lang='grc' dir='ltr'><strong><em>λίμνης.</em></strong></span> <span class='ocrx_word' id='word_1_50' title='bbox 281 871 371 940; x_wconf 78' lang='grc' dir='ltr'><strong><em>οὕτω</em></strong></span> <span class='ocrx_word' id='word_1_51' title='bbox 387 863 437 939; x_wconf 81' lang='grc' dir='ltr'><strong><em>ἀν</em></strong></span> <span class='ocrx_word' id='word_1_52' title='bbox 453 874 509 940; x_wconf 79' lang='grc' dir='ltr'><strong><em>καὶ</em></strong></span> <span class='ocrx_word' id='word_1_53' title='bbox 528 868 568 938; x_wconf 81' lang='grc' dir='ltr'><strong><em>τά</em></strong></span> <span class='ocrx_word' id='word_1_54' title='bbox 584 867 650 938; x_wconf 84' lang='grc' dir='ltr'><strong><em>ἀπὸ</em></strong></span> <span class='ocrx_word' id='word_1_55' title='bbox 668 876 725 956; x_wconf 78' lang='grc' dir='ltr'><strong><em>τῆς</em></strong></span> <span class='ocrx_word' id='word_1_56' title='bbox 744 871 852 958; x_wconf 83' lang='grc' dir='ltr'><strong><em>νήσου</em></strong></span> <span class='ocrx_word' id='word_1_57' title='bbox 874 880 932 961; x_wconf 81' lang='grc' dir='ltr'><strong><em>τῆς</em></strong></span> <span class='ocrx_word' id='word_1_58' title='bbox 948 876 1002 942; x_wconf 74' lang='grc' dir='ltr'><strong><em>ἐπὶ</em></strong></span> <span class='ocrx_word' id='word_1_59' title='bbox 1016 876 1126 963; x_wconf 84' lang='grc' dir='ltr'><strong><em>Λιβύη</em></strong></span> 
     </span>
    </p>

    <p class='ocr_par' dir='ltr' id='par_1_3' title="bbox 61 965 1167 2617">
     <span class='ocr_line' id='line_1_8' title="bbox 61 965 1124 1057; baseline -0.001 -17"><span class='ocrx_word' id='word_1_60' title='bbox 61 987 107 1042; x_wconf 81' lang='grc'><strong><em>196</em></strong></span> <span class='ocrx_word' id='word_1_61' title='bbox 124 973 277 1057; x_wconf 79' lang='grc' dir='ltr'><em>κειμένης</em></span> <span class='ocrx_word' id='word_1_62' title='bbox 300 969 414 1037; x_wconf 81' lang='grc' dir='ltr'><strong><em>οἰκότα</em></strong></span> <span class='ocrx_word' id='word_1_63' title='bbox 440 971 507 1037; x_wconf 82' lang='grc' dir='ltr'><strong><em>ἐστὶ</em></strong></span> <span class='ocrx_word' id='word_1_64' title='bbox 532 965 682 1055; x_wconf 84' lang='grc' dir='ltr'><strong><em>ἀληθείη.</em></strong></span> <span class='ocrx_word' id='word_1_65' title='bbox 733 971 879 1054; x_wconf 76' lang='grc' dir='ltr'><strong><em>Λέγουσι</em></strong></span> <span class='ocrx_word' id='word_1_66' title='bbox 907 975 944 1039; x_wconf 76' lang='grc' dir='ltr'><strong><em>δὲ</em></strong></span> <span class='ocrx_word' id='word_1_67' title='bbox 967 973 1039 1040; x_wconf 79' lang='grc' dir='ltr'><strong><em>καὶ.</em></strong></span> <span class='ocrx_word' id='word_1_68' title='bbox 1050 972 1124 1039; x_wconf 76' lang='grc' dir='ltr'><strong><em>τάδε</em></strong></span> 
     </span>
     <span class='ocr_line' id='line_1_9' title="bbox 124 1064 1126 1158; baseline 0 -21"><span class='ocrx_word' id='word_1_69' title='bbox 124 1066 365 1155; x_wconf 79' lang='grc' dir='ltr'><strong><em>Καρχηδόνιοι,</em></strong></span> <span class='ocrx_word' id='word_1_70' title='bbox 382 1064 520 1134; x_wconf 80' lang='grc' dir='ltr'><strong><em>εἶναι</em></strong></span> <span class='ocrx_word' id='word_1_71' title='bbox 482 1093 538 1153; x_wconf 87' lang='grc' dir='ltr'><strong><em>της</em></strong></span> <span class='ocrx_word' id='word_1_72' title='bbox 549 1067 799 1156; x_wconf 81' lang='grc' dir='ltr'><strong><em>Λιβόηςχοόρόν</em></strong></span> <span class='ocrx_word' id='word_1_73' title='bbox 809 1094 845 1136; x_wconf 90' lang='grc' dir='ltr'><strong><em>τε</em></strong></span> <span class='ocrx_word' id='word_1_74' title='bbox 855 1073 910 1138; x_wconf 76' lang='grc' dir='ltr'><strong><em>καί</em></strong></span> <span class='ocrx_word' id='word_1_75' title='bbox 920 1067 1126 1158; x_wconf 74' lang='grc' dir='ltr'><strong><em>ἀνθρώπους</em></strong></span> 
     </span>
     <span class='ocr_line' id='line_1_10' title="bbox 123 1165 1124 1254; baseline -0.002 -18"><span class='ocrx_word' id='word_1_76' title='bbox 123 1173 185 1248; x_wconf 80' lang='grc' dir='ltr'><strong><em>ἔξω</em></strong></span> <span class='ocrx_word' id='word_1_77' title='bbox 201 1165 394 1250; x_wconf 79' lang='grc' dir='ltr'><strong><em>Ἡρακλέων</em></strong></span> <span class='ocrx_word' id='word_1_78' title='bbox 410 1166 558 1250; x_wconf 79' lang='grc' dir='ltr'><strong><em>στηλέων</em></strong></span> <span class='ocrx_word' id='word_1_79' title='bbox 579 1168 855 1254; x_wconf 80' lang='grc' dir='ltr'><strong><em>κατοικημένους,</em></strong></span> <span class='ocrx_word' id='word_1_80' title='bbox 877 1169 910 1247; x_wconf 91' lang='grc' dir='ltr'><strong><em>ἐς</em></strong></span> <span class='ocrx_word' id='word_1_81' title='bbox 929 1167 1124 1251; x_wconf 80' lang='grc' dir='ltr'><strong><em>τοόςέπεάν</em></strong></span> 
     </span>
     <span class='ocr_line' id='line_1_11' title="bbox 123 1260 1126 1351; baseline 0.001 -19"><span class='ocrx_word' id='word_1_82' title='bbox 123 1263 306 1332; x_wconf 77' lang='grc' dir='ltr'><strong><em>ἀπίκωνται</em></strong></span> <span class='ocrx_word' id='word_1_83' title='bbox 321 1266 376 1330; x_wconf 76' lang='grc' dir='ltr'><strong><em>καὶ</em></strong></span> <span class='ocrx_word' id='word_1_84' title='bbox 392 1265 565 1343; x_wconf 78' lang='grc' dir='ltr'><strong><em>ἐξέλωνται</em></strong></span> <span class='ocrx_word' id='word_1_85' title='bbox 577 1260 618 1330; x_wconf 86' lang='grc' dir='ltr'><strong><em>τά</em></strong></span> <span class='ocrx_word' id='word_1_86' title='bbox 630 1271 769 1351; x_wconf 81' lang='grc' dir='ltr'><strong><em>φορτία,</em></strong></span> <span class='ocrx_word' id='word_1_87' title='bbox 781 1267 901 1344; x_wconf 82' lang='grc' dir='ltr'><strong><em>θέντες</em></strong></span> <span class='ocrx_word' id='word_1_88' title='bbox 912 1263 1000 1335; x_wconf 77' lang='grc' dir='ltr'><strong><em>αὐτὰ</em></strong></span> <span class='ocrx_word' id='word_1_89' title='bbox 1012 1269 1126 1351; x_wconf 78' lang='grc' dir='ltr'><strong><em>ἐπεξῆς</em></strong></span> 
     </span>
     <span class='ocr_line' id='line_1_12' title="bbox 122 1360 1120 1452; baseline 0 -21"><span class='ocrx_word' id='word_1_90' title='bbox 122 1362 213 1450; x_wconf 78' lang='grc' dir='ltr'><strong><em>παρὰ</em></strong></span> <span class='ocrx_word' id='word_1_91' title='bbox 227 1360 289 1449; x_wconf 80' lang='grc' dir='ltr'><strong><em>τὴν</em></strong></span> <span class='ocrx_word' id='word_1_92' title='bbox 304 1368 521 1450; x_wconf 75' lang='grc' dir='ltr'><strong><em>κυματωγήν,</em></strong></span> <span class='ocrx_word' id='word_1_93' title='bbox 536 1363 694 1449; x_wconf 73' lang='grc' dir='ltr'><strong><em>ἐσβάντες</em></strong></span> <span class='ocrx_word' id='word_1_94' title='bbox 709 1365 742 1442; x_wconf 86' lang='grc' dir='ltr'><strong><em>ἐς</em></strong></span> <span class='ocrx_word' id='word_1_95' title='bbox 756 1361 797 1432; x_wconf 85' lang='grc' dir='ltr'><strong><em>τά</em></strong></span> <span class='ocrx_word' id='word_1_96' title='bbox 811 1373 911 1434; x_wconf 73' lang='grc' dir='ltr'><strong><em>πλοῖα</em></strong></span> <span class='ocrx_word' id='word_1_97' title='bbox 924 1365 1048 1452; x_wconf 83' lang='grc' dir='ltr'><strong><em>τύφειν</em></strong></span> <span class='ocrx_word' id='word_1_98' title='bbox 1063 1392 1120 1434; x_wconf 90' lang='grc' dir='ltr'><strong><em>κα-</em></strong></span> 
     </span>
     <span class='ocr_line' id='line_1_13' title="bbox 122 1457 1120 1547; baseline 0.001 -17"><span class='ocrx_word' id='word_1_99' title='bbox 122 1459 226 1530; x_wconf 86' lang='grc' dir='ltr'><strong><em>πνόν·</em></strong></span> <span class='ocrx_word' id='word_1_100' title='bbox 254 1458 333 1537; x_wconf 83' lang='grc' dir='ltr'><strong><em>τούς</em></strong></span> <span class='ocrx_word' id='word_1_101' title='bbox 354 1457 385 1526; x_wconf 76' lang='grc' dir='ltr'><strong><em>δ’</em></strong></span> <span class='ocrx_word' id='word_1_102' title='bbox 404 1462 601 1547; x_wconf 86' lang='grc' dir='ltr'><strong><em>ἐπιχωρίους</em></strong></span> <span class='ocrx_word' id='word_1_103' title='bbox 621 1464 796 1545; x_wconf 79' lang='grc' dir='ltr'><strong><em>ἐσομένους</em></strong></span> <span class='ocrx_word' id='word_1_104' title='bbox 815 1459 875 1529; x_wconf 86' lang='grc' dir='ltr'><strong><em>τόν</em></strong></span> <span class='ocrx_word' id='word_1_105' title='bbox 890 1460 1022 1531; x_wconf 84' lang='grc' dir='ltr'><strong><em>καπνόν</em></strong></span> <span class='ocrx_word' id='word_1_106' title='bbox 1038 1466 1120 1531; x_wconf 80' lang='grc' dir='ltr'><strong><em>ἰέναι</em></strong></span> 
     </span>
     <span class='ocr_line' id='line_1_14' title="bbox 122 1553 1117 1645; baseline -0.002 -19"><span class='ocrx_word' id='word_1_107' title='bbox 122 1563 175 1627; x_wconf 81' lang='grc' dir='ltr'><strong><em>ἐπὶ</em></strong></span> <span class='ocrx_word' id='word_1_108' title='bbox 190 1554 251 1645; x_wconf 79' lang='grc' dir='ltr'><strong><em>τὴν</em></strong></span> <span class='ocrx_word' id='word_1_109' title='bbox 268 1556 463 1641; x_wconf 87' lang='grc' dir='ltr'><strong><em>θάλασσαν,</em></strong></span> <span class='ocrx_word' id='word_1_110' title='bbox 483 1559 538 1625; x_wconf 76' lang='grc' dir='ltr'><strong><em>καὶ</em></strong></span> <span class='ocrx_word' id='word_1_111' title='bbox 559 1564 688 1624; x_wconf 82' lang='grc' dir='ltr'><strong><em>ἔπειτεν</em></strong></span> <span class='ocrx_word' id='word_1_112' title='bbox 705 1553 778 1626; x_wconf 80' lang='grc' dir='ltr'><strong><em>ἀντὶ</em></strong></span> <span class='ocrx_word' id='word_1_113' title='bbox 794 1566 862 1626; x_wconf 77' lang='grc' dir='ltr'><strong><em>τῶν</em></strong></span> <span class='ocrx_word' id='word_1_114' title='bbox 877 1565 1026 1644; x_wconf 83' lang='grc' dir='ltr'><strong><em>φορτίων</em></strong></span> <span class='ocrx_word' id='word_1_115' title='bbox 1041 1583 1117 1644; x_wconf 89' lang='grc' dir='ltr'><strong><em>χρυ-</em></strong></span> 
     </span>
     <span class='ocr_line' id='line_1_15' title="bbox 122 1652 1167 1745; baseline 0 -21"><span class='ocrx_word' id='word_1_116' title='bbox 122 1655 185 1725; x_wconf 87' lang='grc' dir='ltr'><strong><em>σὸν</em></strong></span> <span class='ocrx_word' id='word_1_117' title='bbox 199 1657 331 1723; x_wconf 84' lang='grc' dir='ltr'><strong><em>τιθέναι</em></strong></span> <span class='ocrx_word' id='word_1_118' title='bbox 347 1655 402 1721; x_wconf 82' lang='grc' dir='ltr'><strong><em>καὶ</em></strong></span> <span class='ocrx_word' id='word_1_119' title='bbox 416 1656 653 1739; x_wconf 78' lang='grc' dir='ltr'><strong><em>ἐξαναχωρέειν</em></strong></span> <span class='ocrx_word' id='word_1_120' title='bbox 668 1653 785 1738; x_wconf 88' lang='grc' dir='ltr'><strong><em>πρόσω</em></strong></span> <span class='ocrx_word' id='word_1_121' title='bbox 799 1652 864 1721; x_wconf 85' lang='grc' dir='ltr'><strong><em>ἀπό</em></strong></span> <span class='ocrx_word' id='word_1_122' title='bbox 881 1662 949 1722; x_wconf 76' lang='grc' dir='ltr'><strong><em>των</em></strong></span> <span class='ocrx_word' id='word_1_123' title='bbox 963 1664 1120 1742; x_wconf 90' lang='grc' dir='ltr'><strong><em>φορτίων.</em></strong></span> <span class='ocrx_word' id='word_1_124' title='bbox 1165 1730 1167 1745; x_wconf 44' lang='grc' dir='ltr'>Ι</span> 
     </span>
     <span class='ocr_line' id='line_1_16' title="bbox 122 1748 1167 1871; baseline -0.002 -51"><span class='ocrx_word' id='word_1_125' title='bbox 122 1751 201 1829; x_wconf 84' lang='grc' dir='ltr'><strong><em>τούς</em></strong></span> <span class='ocrx_word' id='word_1_126' title='bbox 216 1752 252 1817; x_wconf 74' lang='grc' dir='ltr'><strong><em>δὲ</em></strong></span> <span class='ocrx_word' id='word_1_127' title='bbox 267 1755 519 1837; x_wconf 76' lang='grc' dir='ltr'><strong><em>Καρχηδονίους</em></strong></span> <span class='ocrx_word' id='word_1_128' title='bbox 533 1748 696 1835; x_wconf 79' lang='grc' dir='ltr'><strong><em>ἐκβάντας</em></strong></span> <span class='ocrx_word' id='word_1_129' title='bbox 706 1751 926 1839; x_wconf 79' lang='grc' dir='ltr'><strong><em>σκέπτεσθαι,</em></strong></span> <span class='ocrx_word' id='word_1_130' title='bbox 941 1748 1029 1820; x_wconf 78' lang='grc' dir='ltr'><strong><em>καὶ’“</em></strong></span> <span class='ocrx_word' id='word_1_131' title='bbox 1007 1780 1051 1871; x_wconf 90' lang='grc' dir='ltr'><strong><em>ην</em></strong></span> <span class='ocrx_word' id='word_1_132' title='bbox 1063 1778 1123 1839; x_wconf 88' lang='grc' dir='ltr'><strong><em>μεν</em></strong></span> <span class='ocrx_word' id='word_1_133' title='bbox 1165 1752 1167 1763; x_wconf 87' lang='lat'>&#39;</span> 
     </span>
     <span class='ocr_line' id='line_1_17' title="bbox 122 1842 1124 1953; baseline -0.002 -36"><span class='ocrx_word' id='word_1_134' title='bbox 122 1854 286 1942; x_wconf 90' lang='grc' dir='ltr'><strong><em>φαίνηταί</em></strong></span> <span class='ocrx_word' id='word_1_135' title='bbox 295 1865 356 1933; x_wconf 90' lang='grc' dir='ltr'><strong><em>σφι</em></strong></span> <span class='ocrx_word' id='word_1_136' title='bbox 372 1842 499 1924; x_wconf 81' lang='grc' dir='ltr'><strong><em>ἀξιος</em></strong></span> <span class='ocrx_word' id='word_1_137' title='bbox 484 1870 502 1911; x_wconf 94' lang='grc' dir='ltr'><strong><em>ο</em></strong></span> <span class='ocrx_word' id='word_1_138' title='bbox 518 1843 641 1935; x_wconf 85' lang='grc' dir='ltr'><strong><em>χρυσός</em></strong></span> <span class='ocrx_word' id='word_1_139' title='bbox 654 1851 722 1917; x_wconf 77' lang='grc' dir='ltr'><strong><em>τῶν</em></strong></span> <span class='ocrx_word' id='word_1_140' title='bbox 739 1854 904 1934; x_wconf 90' lang='grc' dir='ltr'><strong><em>φορτίων,</em></strong></span> <span class='ocrx_word' id='word_1_141' title='bbox 926 1846 1124 1953; x_wconf 80' lang='grc' dir='ltr'><strong><em>ἀνελόμενοι</em></strong></span> 
     </span>
     <span class='ocr_line' id='line_1_18' title="bbox 123 1939 1124 2032; baseline -0.004 -17"><span class='ocrx_word' id='word_1_142' title='bbox 123 1945 410 2028; x_wconf 79' lang='grc' dir='ltr'><strong><em>ἀπαλλάσσονται,</em></strong></span> <span class='ocrx_word' id='word_1_143' title='bbox 432 1968 476 2027; x_wconf 92' lang='grc' dir='ltr'><strong><em>ην</em></strong></span> <span class='ocrx_word' id='word_1_144' title='bbox 492 1939 584 2010; x_wconf 76' lang='grc' dir='ltr'><strong><em>δέ</em></strong></span> <span class='ocrx_word' id='word_1_145' title='bbox 542 1968 587 2028; x_wconf 85' lang='grc' dir='ltr'><strong><em>μη</em></strong></span> <span class='ocrx_word' id='word_1_146' title='bbox 605 1941 710 2029; x_wconf 84' lang='grc' dir='ltr'><strong><em>ἀξιος,</em></strong></span> <span class='ocrx_word' id='word_1_147' title='bbox 736 1943 925 2032; x_wconf 78' lang='grc' dir='ltr'><strong><em>ἐσβάντις’</em></strong></span> <span class='ocrx_word' id='word_1_148' title='bbox 909 1970 953 2019; x_wconf 87' lang='grc' dir='ltr'><strong><em>οτι</em></strong></span> <span class='ocrx_word' id='word_1_149' title='bbox 954 1953 1017 2014; x_wconf 90' lang='grc' dir='ltr'><strong><em>ίσω</em></strong></span> <span class='ocrx_word' id='word_1_150' title='bbox 1031 1948 1065 2024; x_wconf 93' lang='grc' dir='ltr'><strong><em>ἐς</em></strong></span> <span class='ocrx_word' id='word_1_151' title='bbox 1084 1971 1124 2011; x_wconf 93' lang='grc' dir='ltr'><strong><em>τα</em></strong></span> 
     </span>
     <span class='ocr_line' id='line_1_19' title="bbox 122 2040 1126 2130; baseline -0.001 -19"><span class='ocrx_word' id='word_1_152' title='bbox 122 2052 221 2111; x_wconf 80' lang='grc' dir='ltr'><strong><em>πλοῖα</em></strong></span> <span class='ocrx_word' id='word_1_153' title='bbox 249 2043 487 2126; x_wconf 83' lang='grc' dir='ltr'><strong><em>κατέαται,οί</em></strong></span> <span class='ocrx_word' id='word_1_154' title='bbox 507 2040 544 2107; x_wconf 79' lang='grc' dir='ltr'><strong><em>δὲ</em></strong></span> <span class='ocrx_word' id='word_1_155' title='bbox 571 2041 817 2126; x_wconf 79' lang='grc' dir='ltr'><strong><em>προσελθόντες</em></strong></span> <span class='ocrx_word' id='word_1_156' title='bbox 841 2041 944 2113; x_wconf 85' lang='grc' dir='ltr'><strong><em>ἀλλον</em></strong></span> <span class='ocrx_word' id='word_1_157' title='bbox 967 2041 1052 2130; x_wconf 81' lang='grc' dir='ltr'><strong><em>πρὸς</em></strong></span> <span class='ocrx_word' id='word_1_158' title='bbox 1077 2069 1126 2110; x_wconf 91' lang='grc' dir='ltr'><strong><em>ων</em></strong></span> 
     </span>
     <span class='ocr_line' id='line_1_20' title="bbox 123 2129 1126 2227; baseline 0.002 -19"><span class='ocrx_word' id='word_1_159' title='bbox 123 2147 253 2227; x_wconf 80' lang='grc' dir='ltr'><strong><em>ἔθηκαν</em></strong></span> <span class='ocrx_word' id='word_1_160' title='bbox 267 2136 412 2226; x_wconf 83' lang='grc' dir='ltr'><strong><em>χρυσὸν,</em></strong></span> <span class='ocrx_word' id='word_1_161' title='bbox 434 2129 525 2215; x_wconf 92' lang='grc' dir='ltr'><strong><em>ἐς</em></strong></span> <span class='ocrx_word' id='word_1_162' title='bbox 482 2163 524 2205; x_wconf 94' lang='grc' dir='ltr'><strong><em>ου</em></strong></span> <span class='ocrx_word' id='word_1_163' title='bbox 541 2134 586 2204; x_wconf 84' lang='grc' dir='ltr'><strong><em>ἀν</em></strong></span> <span class='ocrx_word' id='word_1_164' title='bbox 601 2144 753 2209; x_wconf 82' lang='grc' dir='ltr'><strong><em>πείθωσι</em></strong></span> <span class='ocrx_word' id='word_1_165' title='bbox 777 2138 923 2210; x_wconf 76' lang='grc' dir='ltr'><strong><em>ἀδικέειν</em></strong></span> <span class='ocrx_word' id='word_1_166' title='bbox 938 2143 975 2213; x_wconf 73' lang='grc' dir='ltr'><strong><em>δὲ</em></strong></span> <span class='ocrx_word' id='word_1_167' title='bbox 990 2141 1126 2211; x_wconf 77' lang='grc' dir='ltr'><strong><em>οὐθετέ-</em></strong></span> 
     </span>
     <span class='ocr_line' id='line_1_21' title="bbox 123 2232 1128 2331; baseline 0.003 -26"><span class='ocrx_word' id='word_1_168' title='bbox 123 2263 219 2325; x_wconf 87' lang='grc' dir='ltr'><strong><em>ρους·</em></strong></span> <span class='ocrx_word' id='word_1_169' title='bbox 253 2233 420 2319; x_wconf 78' lang='grc' dir='ltr'><strong><em>οὔτεγὰρ</em></strong></span> <span class='ocrx_word' id='word_1_170' title='bbox 446 2232 654 2312; x_wconf 75' lang='grc' dir='ltr'><strong><em>αὖτοῦοτοῦ</em></strong></span> <span class='ocrx_word' id='word_1_171' title='bbox 678 2247 806 2322; x_wconf 84' lang='grc' dir='ltr'><strong><em>χρυσοῦ</em></strong></span> <span class='ocrx_word' id='word_1_172' title='bbox 829 2239 1011 2329; x_wconf 78' lang='grc' dir='ltr'><strong><em>ἅπτεσθαι,</em></strong></span> <span class='ocrx_word' id='word_1_173' title='bbox 1045 2247 1128 2331; x_wconf 83' lang='grc' dir='ltr'><strong><em>πρὶν</em></strong></span> 
     </span>
     <span class='ocr_line' id='line_1_22' title="bbox 122 2327 1128 2451; baseline 0.001 -48"><span class='ocrx_word' id='word_1_174' title='bbox 122 2335 165 2403; x_wconf 81' lang='grc' dir='ltr'><strong><em>ἀν</em></strong></span> <span class='ocrx_word' id='word_1_175' title='bbox 189 2353 249 2418; x_wconf 92' lang='grc' dir='ltr'><strong><em>σφι</em></strong></span> <span class='ocrx_word' id='word_1_176' title='bbox 272 2329 430 2451; x_wconf 74' lang='grc' dir='ltr'><strong><em>ἀπισωθῇ</em></strong></span> <span class='ocrx_word' id='word_1_177' title='bbox 448 2337 488 2419; x_wconf 81' lang='grc' dir='ltr'><strong><em>τῇ</em></strong></span> <span class='ocrx_word' id='word_1_178' title='bbox 509 2327 583 2420; x_wconf 79' lang='grc' dir='ltr'><strong><em>ἀξίη</em></strong></span> <span class='ocrx_word' id='word_1_179' title='bbox 605 2357 674 2400; x_wconf 91' lang='grc' dir='ltr'><strong><em>των</em></strong></span> <span class='ocrx_word' id='word_1_180' title='bbox 691 2340 856 2419; x_wconf 89' lang='grc' dir='ltr'><strong><em>φορτίων,</em></strong></span> <span class='ocrx_word' id='word_1_181' title='bbox 879 2337 951 2405; x_wconf 76' lang='grc' dir='ltr'><strong><em>οὔτ’</em></strong></span> <span class='ocrx_word' id='word_1_182' title='bbox 975 2343 1128 2415; x_wconf 73' lang='grc' dir='ltr'><strong><em>ἐκείνους</em></strong></span> 
     </span>
     <span class='ocr_line' id='line_1_23' title="bbox 121 2427 1128 2546; baseline 0.003 -45"><span class='ocrx_word' id='word_1_183' title='bbox 121 2441 190 2502; x_wconf 78' lang='grc' dir='ltr'><strong><em>τῶν</em></strong></span> <span class='ocrx_word' id='word_1_184' title='bbox 211 2436 360 2517; x_wconf 86' lang='grc' dir='ltr'><strong><em>φορτίων</em></strong></span> <span class='ocrx_word' id='word_1_185' title='bbox 381 2427 546 2546; x_wconf 78' lang='grc' dir='ltr'><strong><em>ἅπτεσθαι</em></strong></span> <span class='ocrx_word' id='word_1_186' title='bbox 563 2432 744 2517; x_wconf 79' lang='grc' dir='ltr'><strong><em>πρότερον,</em></strong></span> <span class='ocrx_word' id='word_1_187' title='bbox 768 2460 795 2519; x_wconf 94' lang='grc' dir='ltr'><strong><em>η</em></strong></span> <span class='ocrx_word' id='word_1_188' title='bbox 812 2430 906 2503; x_wconf 81' lang='grc' dir='ltr'><strong><em>αὐτοὶ</em></strong></span> <span class='ocrx_word' id='word_1_189' title='bbox 926 2433 964 2503; x_wconf 85' lang='grc' dir='ltr'><strong><em>τὸ</em></strong></span> <span class='ocrx_word' id='word_1_190' title='bbox 986 2444 1128 2523; x_wconf 92' lang='grc' dir='ltr'><strong><em>χρυσίον</em></strong></span> 
     </span>
     <span class='ocr_line' id='line_1_24' title="bbox 123 2531 262 2651; baseline -0.039 -51"><span class='ocrx_word' id='word_1_191' title='bbox 123 2531 262 2651; x_wconf 88' lang='grc' dir='ltr'><strong><em>λάβωσι</em></strong></span> 
     </span>
    </p>

    <p class='ocr_par' dir='ltr' id='par_1_4' title="bbox 59 2617 1129 3402">
     <span class='ocr_line' id='line_1_25' title="bbox 59 2617 1129 2716; baseline 0.005 -24"><span class='ocrx_word' id='word_1_192' title='bbox 59 2644 107 2700; x_wconf 75' lang='grc'><strong><em>191</em></strong></span> <span class='ocrx_word' id='word_1_193' title='bbox 208 2617 313 2693; x_wconf 79' lang='grc' dir='ltr'><strong><em>Οὗτοι</em></strong></span> <span class='ocrx_word' id='word_1_194' title='bbox 330 2629 392 2711; x_wconf 83' lang='grc' dir='ltr'><strong><em>μέν</em></strong></span> <span class='ocrx_word' id='word_1_195' title='bbox 409 2630 472 2694; x_wconf 87' lang='grc' dir='ltr'><strong><em>είσι</em></strong></span> <span class='ocrx_word' id='word_1_196' title='bbox 486 2623 565 2704; x_wconf 74' lang='grc' dir='ltr'><strong><em>τοὺς</em></strong></span> <span class='ocrx_word' id='word_1_197' title='bbox 581 2623 673 2712; x_wconf 84' lang='grc' dir='ltr'><strong><em>ημεῖς</em></strong></span> <span class='ocrx_word' id='word_1_198' title='bbox 687 2633 805 2715; x_wconf 80' lang='grc' dir='ltr'><strong><em>ἔχομεν</em></strong></span> <span class='ocrx_word' id='word_1_199' title='bbox 821 2629 961 2716; x_wconf 79' lang='grc' dir='ltr'><strong><em>Λιβύων</em></strong></span> <span class='ocrx_word' id='word_1_200' title='bbox 975 2627 1129 2716; x_wconf 79' lang='grc' dir='ltr'><strong><em>οὔνομά·</em></strong></span> 
     </span>
     <span class='ocr_line' id='line_1_26' title="bbox 124 2723 1127 2814; baseline -0.003 -20"><span class='ocrx_word' id='word_1_201' title='bbox 124 2747 195 2795; x_wconf 91' lang='grc' dir='ltr'><strong><em>σαι·</em></strong></span> <span class='ocrx_word' id='word_1_202' title='bbox 226 2726 281 2792; x_wconf 81' lang='grc' dir='ltr'><strong><em>καὶ</em></strong></span> <span class='ocrx_word' id='word_1_203' title='bbox 294 2723 426 2794; x_wconf 81' lang='grc' dir='ltr'><strong><em>τούτων</em></strong></span> <span class='ocrx_word' id='word_1_204' title='bbox 439 2728 474 2791; x_wconf 89' lang='grc' dir='ltr'><strong><em>οί</em></strong></span> <span class='ocrx_word' id='word_1_205' title='bbox 486 2728 604 2792; x_wconf 81' lang='grc' dir='ltr'><strong><em>πολλοὶ</em></strong></span> <span class='ocrx_word' id='word_1_206' title='bbox 618 2729 772 2812; x_wconf 90' lang='grc' dir='ltr'><strong><em>βασιλέος</em></strong></span> <span class='ocrx_word' id='word_1_207' title='bbox 782 2732 843 2794; x_wconf 83' lang='grc' dir='ltr'><strong><em>τοῦ</em></strong></span> <span class='ocrx_word' id='word_1_208' title='bbox 855 2726 988 2814; x_wconf 76' lang='grc' dir='ltr'><strong><em>Μήδων</em></strong></span> <span class='ocrx_word' id='word_1_209' title='bbox 1003 2725 1080 2795; x_wconf 77' lang='grc' dir='ltr'><strong><em>οὔτε</em></strong></span> <span class='ocrx_word' id='word_1_210' title='bbox 1096 2754 1127 2793; x_wconf 91' lang='grc' dir='ltr'><strong><em>τι</em></strong></span> 
     </span>
     <span class='ocr_line' id='line_1_27' title="bbox 124 2819 1128 2910; baseline -0.003 -18"><span class='ocrx_word' id='word_1_211' title='bbox 124 2831 190 2892; x_wconf 85' lang='grc' dir='ltr'><strong><em>νῦν</em></strong></span> <span class='ocrx_word' id='word_1_212' title='bbox 202 2819 279 2890; x_wconf 77' lang='grc' dir='ltr'><strong><em>οὔτε</em></strong></span> <span class='ocrx_word' id='word_1_213' title='bbox 289 2819 364 2890; x_wconf 87' lang='grc' dir='ltr'><strong><em>τότε</em></strong></span> <span class='ocrx_word' id='word_1_214' title='bbox 376 2821 690 2908; x_wconf 78' lang='grc' dir='ltr'><strong><em>ἐφρόντιζονουδέν.</em></strong></span> <span class='ocrx_word' id='word_1_215' title='bbox 698 2829 837 2892; x_wconf 78' lang='grc' dir='ltr'><strong><em>τοσοῦτο</em></strong></span> <span class='ocrx_word' id='word_1_216' title='bbox 847 2823 885 2892; x_wconf 76' lang='grc' dir='ltr'><strong><em>δέ</em></strong></span> <span class='ocrx_word' id='word_1_217' title='bbox 894 2829 942 2892; x_wconf 82' lang='grc' dir='ltr'><strong><em>ἔτι</em></strong></span> <span class='ocrx_word' id='word_1_218' title='bbox 951 2831 1014 2910; x_wconf 82' lang='grc' dir='ltr'><strong><em>ἔχω</em></strong></span> <span class='ocrx_word' id='word_1_219' title='bbox 1021 2830 1128 2892; x_wconf 76' lang='grc' dir='ltr'><strong><em>εἰπεῖν</em></strong></span> 
     </span>
     <span class='ocr_line' id='line_1_28' title="bbox 124 2916 1127 3008; baseline -0.001 -19"><span class='ocrx_word' id='word_1_220' title='bbox 124 2925 271 3007; x_wconf 79' lang='grc' dir='ltr'><strong><em>περὶτῆς</em></strong></span> <span class='ocrx_word' id='word_1_221' title='bbox 288 2917 397 3005; x_wconf 82' lang='grc' dir='ltr'><strong><em>χάρης</em></strong></span> <span class='ocrx_word' id='word_1_222' title='bbox 410 2918 549 3004; x_wconf 80' lang='grc' dir='ltr'><strong><em>ταύτης,</em></strong></span> <span class='ocrx_word' id='word_1_223' title='bbox 568 2916 620 2986; x_wconf 84' lang='grc' dir='ltr'><strong><em>ὅτι</em></strong></span> <span class='ocrx_word' id='word_1_224' title='bbox 640 2922 778 3008; x_wconf 85' lang='grc' dir='ltr'><strong><em>τέσσερα</em></strong></span> <span class='ocrx_word' id='word_1_225' title='bbox 798 2927 902 2989; x_wconf 82' lang='grc' dir='ltr'><strong><em>ἔθνεα</em></strong></span> <span class='ocrx_word' id='word_1_226' title='bbox 916 2925 1049 3007; x_wconf 84' lang='grc' dir='ltr'><strong><em>νέμεται</em></strong></span> <span class='ocrx_word' id='word_1_227' title='bbox 1064 2918 1127 2988; x_wconf 84' lang='grc' dir='ltr'><strong><em>αό-</em></strong></span> 
     </span>
     <span class='ocr_line' id='line_1_29' title="bbox 124 3017 1128 3110; baseline -0.005 -19"><span class='ocrx_word' id='word_1_228' title='bbox 124 3022 186 3110; x_wconf 80' lang='grc' dir='ltr'><strong><em>τὴν</em></strong></span> <span class='ocrx_word' id='word_1_229' title='bbox 199 3022 255 3088; x_wconf 80' lang='grc' dir='ltr'><strong><em>καί</em></strong></span> <span class='ocrx_word' id='word_1_230' title='bbox 270 3017 312 3088; x_wconf 83' lang='grc' dir='ltr'><strong><em>οὐ</em></strong></span> <span class='ocrx_word' id='word_1_231' title='bbox 328 3021 417 3088; x_wconf 88' lang='grc' dir='ltr'><strong><em>πλέω</em></strong></span> <span class='ocrx_word' id='word_1_232' title='bbox 432 3019 579 3104; x_wconf 79' lang='grc' dir='ltr'><strong><em>τούτων,</em></strong></span> <span class='ocrx_word' id='word_1_233' title='bbox 601 3018 790 3108; x_wconf 78' lang='grc' dir='ltr'><strong><em>ὅσονὴμείς</em></strong></span> <span class='ocrx_word' id='word_1_234' title='bbox 804 3027 917 3108; x_wconf 77' lang='grc' dir='ltr'><strong><em>ἐσμεν,</em></strong></span> <span class='ocrx_word' id='word_1_235' title='bbox 939 3018 1049 3088; x_wconf 75' lang='grc' dir='ltr'><strong><em>καὶτὰ</em></strong></span> <span class='ocrx_word' id='word_1_236' title='bbox 1065 3020 1128 3105; x_wconf 75' lang='grc' dir='ltr'><strong><em>μὲν</em></strong></span> 
     </span>
     <span class='ocr_line' id='line_1_30' title="bbox 124 3116 1128 3206; baseline -0.004 -18"><span class='ocrx_word' id='word_1_237' title='bbox 124 3121 186 3188; x_wconf 77' lang='grc' dir='ltr'><strong><em>θόο</em></strong></span> <span class='ocrx_word' id='word_1_238' title='bbox 201 3116 394 3204; x_wconf 83' lang='grc' dir='ltr'><strong><em>αὐτόχθονα</em></strong></span> <span class='ocrx_word' id='word_1_239' title='bbox 408 3125 476 3187; x_wconf 80' lang='grc' dir='ltr'><strong><em>τῶν</em></strong></span> <span class='ocrx_word' id='word_1_240' title='bbox 491 3119 639 3205; x_wconf 90' lang='grc' dir='ltr'><strong><em>ἐθνέων,</em></strong></span> <span class='ocrx_word' id='word_1_241' title='bbox 660 3117 701 3187; x_wconf 84' lang='grc' dir='ltr'><strong><em>τά</em></strong></span> <span class='ocrx_word' id='word_1_242' title='bbox 717 3122 753 3189; x_wconf 74' lang='grc' dir='ltr'><strong><em>δέ</em></strong></span> <span class='ocrx_word' id='word_1_243' title='bbox 769 3122 831 3189; x_wconf 79' lang='grc' dir='ltr'><strong><em>δύο</em></strong></span> <span class='ocrx_word' id='word_1_244' title='bbox 847 3117 907 3206; x_wconf 76' lang='grc' dir='ltr'><strong><em>οὗ,</em></strong></span> <span class='ocrx_word' id='word_1_245' title='bbox 929 3125 1051 3206; x_wconf 85' lang='grc' dir='ltr'><strong><em>Λίβυες</em></strong></span> <span class='ocrx_word' id='word_1_246' title='bbox 1065 3121 1128 3203; x_wconf 75' lang='grc' dir='ltr'><strong><em>μὲν</em></strong></span> 
     </span>
     <span class='ocr_line' id='line_1_31' title="bbox 125 3213 1129 3306; baseline -0.002 -21"><span class='ocrx_word' id='word_1_247' title='bbox 125 3220 180 3285; x_wconf 84' lang='grc' dir='ltr'><strong><em>καὶ</em></strong></span> <span class='ocrx_word' id='word_1_248' title='bbox 191 3221 353 3295; x_wconf 86' lang='grc' dir='ltr'><strong><em>Λίθίοπες</em></strong></span> <span class='ocrx_word' id='word_1_249' title='bbox 368 3213 590 3302; x_wconf 79' lang='grc' dir='ltr'><strong><em>αὐτόχθονες,</em></strong></span> <span class='ocrx_word' id='word_1_250' title='bbox 605 3222 639 3285; x_wconf 94' lang='grc' dir='ltr'><strong><em>οί</em></strong></span> <span class='ocrx_word' id='word_1_251' title='bbox 653 3216 770 3305; x_wconf 81' lang='grc' dir='ltr'><strong><em>μὲντά</em></strong></span> <span class='ocrx_word' id='word_1_252' title='bbox 785 3215 870 3306; x_wconf 79' lang='grc' dir='ltr'><strong><em>πρὸς</em></strong></span> <span class='ocrx_word' id='word_1_253' title='bbox 884 3217 1011 3306; x_wconf 82' lang='grc' dir='ltr'><strong><em>βορέω,</em></strong></span> <span class='ocrx_word' id='word_1_254' title='bbox 1045 3220 1079 3282; x_wconf 74' lang='lat' dir='ltr'><strong><em>oc</em></strong></span> <span class='ocrx_word' id='word_1_255' title='bbox 1092 3218 1129 3283; x_wconf 75' lang='grc' dir='ltr'><strong><em>δέ</em></strong></span> 
     </span>
     <span class='ocr_line' id='line_1_32' title="bbox 125 3309 1128 3402; baseline -0.003 -20"><span class='ocrx_word' id='word_1_256' title='bbox 125 3312 165 3382; x_wconf 84' lang='grc' dir='ltr'><strong><em>τά</em></strong></span> <span class='ocrx_word' id='word_1_257' title='bbox 187 3309 271 3395; x_wconf 84' lang='grc' dir='ltr'><strong><em>πρὸς</em></strong></span> <span class='ocrx_word' id='word_1_258' title='bbox 289 3310 393 3380; x_wconf 94' lang='grc' dir='ltr'><strong><em>νότου</em></strong></span> <span class='ocrx_word' id='word_1_259' title='bbox 415 3320 473 3401; x_wconf 79' lang='grc' dir='ltr'><strong><em>τῆς</em></strong></span> <span class='ocrx_word' id='word_1_260' title='bbox 487 3314 616 3402; x_wconf 85' lang='grc' dir='ltr'><strong><em>Λιβόης</em></strong></span> <span class='ocrx_word' id='word_1_261' title='bbox 636 3321 819 3402; x_wconf 78' lang='grc' dir='ltr'><strong><em>οἰκέοντες,</em></strong></span> <span class='ocrx_word' id='word_1_262' title='bbox 839 3324 997 3394; x_wconf 82' lang='grc' dir='ltr'><strong><em>Φοίνικες</em></strong></span> <span class='ocrx_word' id='word_1_263' title='bbox 1018 3317 1054 3380; x_wconf 76' lang='grc' dir='ltr'><strong><em>δὲ</em></strong></span> <span class='ocrx_word' id='word_1_264' title='bbox 1074 3317 1128 3381; x_wconf 76' lang='grc' dir='ltr'><strong><em>καὶ</em></strong></span> 
     </span>
    </p>

    <p class='ocr_par' dir='ltr' id='par_1_5' title="bbox 58 3407 1129 3500">
     <span class='ocr_line' id='line_1_33' title="bbox 58 3407 1129 3500; baseline -0.002 -22"><span class='ocrx_word' id='word_1_265' title='bbox 58 3407 272 3494; x_wconf 81' lang='grc' dir='ltr'><strong><em>198Ἕλληνες</em></strong></span> <span class='ocrx_word' id='word_1_266' title='bbox 287 3407 457 3497; x_wconf 78' lang='grc' dir='ltr'><strong><em>ἐπήλυδες.</em></strong></span> <span class='ocrx_word' id='word_1_267' title='bbox 490 3414 612 3481; x_wconf 86' lang='grc' dir='ltr'><strong><em>Δοκέει</em></strong></span> <span class='ocrx_word' id='word_1_268' title='bbox 628 3414 667 3480; x_wconf 78' lang='grc' dir='ltr'><strong><em>δέ</em></strong></span> <span class='ocrx_word' id='word_1_269' title='bbox 679 3439 736 3500; x_wconf 86' lang='grc' dir='ltr'><strong><em>μοι</em></strong></span> <span class='ocrx_word' id='word_1_270' title='bbox 752 3412 826 3483; x_wconf 75' lang='grc' dir='ltr'><strong><em>οὐδ’</em></strong></span> <span class='ocrx_word' id='word_1_271' title='bbox 844 3410 967 3500; x_wconf 72' lang='grc' dir='ltr'><strong><em>ἀρετὴν</em></strong></span> <span class='ocrx_word' id='word_1_272' title='bbox 981 3410 1069 3479; x_wconf 74' lang='grc' dir='ltr'><strong><em>εἷναί</em></strong></span> <span class='ocrx_word' id='word_1_273' title='bbox 1079 3436 1129 3488; x_wconf 91' lang='grc' dir='ltr'><strong><em>τις</em></strong></span> 
     </span>
    </p>
   </div>
   <div class='ocr_carea' id='block_1_3' title="bbox 66 3558 105 3605">
    <p class='ocr_par' dir='ltr' id='par_1_6' title="bbox 66 3558 105 3605">
     <span class='ocr_line' id='line_1_34' title="bbox 66 3558 105 3605; baseline 0 0"><span class='ocrx_word' id='word_1_274' title='bbox 66 3558 105 3605; x_wconf 72' lang='lat' dir='ltr'><strong><em>h·</em></strong></span> 
     </span>
    </p>
   </div>
   <div class='ocr_carea' id='block_1_4' title="bbox 0 0 1186 3840">
    <p class='ocr_par' dir='ltr' id='par_1_7' title="bbox 0 0 1186 3840">
     <span class='ocr_line' id='line_1_35' title="bbox 0 0 1186 3840; baseline 0 0"><span class='ocrx_word' id='word_1_275' title='bbox 0 0 1186 3840; x_wconf 95' lang='lat' dir='ltr'><strong><em> </em></strong></span> 
     </span>
    </p>
   </div>
  </div>
 </body>
</html>
