<?xml version="1.0" encoding="UTF-8"?>
<!DOCTYPE html PUBLIC "-//W3C//DTD XHTML 1.0 Transitional//EN"
    "http://www.w3.org/TR/xhtml1/DTD/xhtml1-transitional.dtd">
<html xmlns="http://www.w3.org/1999/xhtml" xml:lang="en" lang="en">
 <head>
  <title>
</title>
<meta http-equiv="Content-Type" content="text/html;charset=utf-8" />
  <meta name='ocr-system' content='tesseract 3.04.00' />
  <meta name='ocr-capabilities' content='ocr_page ocr_carea ocr_par ocr_line ocrx_word'/>
</head>
<body>
  <div class='ocr_page' id='page_1' title='image "./herodotihistori03herogoog_0117.png"; bbox 0 0 2354 3840; ppageno 0'>
   <div class='ocr_carea' id='block_1_1' title="bbox 131 154 762 223">
    <p class='ocr_par' dir='ltr' id='par_1_1' title="bbox 131 154 762 223">
     <span class='ocr_line' id='line_1_1' title="bbox 131 154 762 223; baseline -0.01 -1"><span class='ocrx_word' id='word_1_1' title='bbox 131 154 194 223; x_wconf 76' lang='grc'><strong><em>104</em></strong></span> <span class='ocrx_word' id='word_1_2' title='bbox 509 156 762 217; x_wconf 74' lang='lat' dir='ltr'><strong>HERODOTI</strong></span> 
     </span>
    </p>
   </div>
   <div class='ocr_carea' id='block_1_2' title="bbox 50 315 1173 3447">
    <p class='ocr_par' dir='ltr' id='par_1_2' title="bbox 50 315 1173 3447">
     <span class='ocr_line' id='line_1_2' title="bbox 132 315 1131 405; baseline -0.002 -16"><span class='ocrx_word' id='word_1_3' title='bbox 132 326 237 405; x_wconf 79' lang='grc' dir='ltr'><strong><em>πλοίςο</em></strong></span> <span class='ocrx_word' id='word_1_4' title='bbox 262 317 341 401; x_wconf 81' lang='grc' dir='ltr'><strong><em>ὅνος</em></strong></span> <span class='ocrx_word' id='word_1_5' title='bbox 367 317 628 403; x_wconf 57' lang='lat' dir='ltr'><strong><em>{mmmm</em></strong></span> <span class='ocrx_word' id='word_1_6' title='bbox 628 344 649 385; x_wconf 90' lang='grc' dir='ltr'><strong><em>ν</em></strong></span> <span class='ocrx_word' id='word_1_7' title='bbox 612 315 706 385; x_wconf 76' lang='grc' dir='ltr'><strong><em>έδέ</em></strong></span> <span class='ocrx_word' id='word_1_8' title='bbox 736 328 821 385; x_wconf 78' lang='grc' dir='ltr'><strong><em>τοίσι</em></strong></span> <span class='ocrx_word' id='word_1_9' title='bbox 849 321 961 405; x_wconf 66' lang='grc' dir='ltr'><strong><em>μέζοσι</em></strong></span> <span class='ocrx_word' id='word_1_10' title='bbox 986 322 1131 399; x_wconf 70' lang='grc' dir='ltr'><strong><em>πλεῦνες</em></strong></span> 
     </span>
     <span class='ocr_line' id='line_1_3' title="bbox 55 411 1173 505; baseline 0 -19"><span class='ocrx_word' id='word_1_11' title='bbox 55 494 57 498; x_wconf 68' lang='lat'>,</span> <span class='ocrx_word' id='word_1_12' title='bbox 133 411 285 486; x_wconf 81' lang='grc' dir='ltr'><strong><em>έπεᾶν</em></strong></span> <span class='ocrx_word' id='word_1_13' title='bbox 258 446 308 487; x_wconf 90' lang='grc' dir='ltr'><strong><em>ων</em></strong></span> <span class='ocrx_word' id='word_1_14' title='bbox 329 416 515 487; x_wconf 79' lang='grc' dir='ltr'><strong><em>ἀπίκωνται</em></strong></span> <span class='ocrx_word' id='word_1_15' title='bbox 539 415 709 493; x_wconf 85' lang='grc' dir='ltr'><strong><em>πλοδοντες</em></strong></span> <span class='ocrx_word' id='word_1_16' title='bbox 734 411 827 494; x_wconf 86' lang='grc' dir='ltr'><strong><em>ές</em></strong></span> <span class='ocrx_word' id='word_1_17' title='bbox 791 441 854 501; x_wconf 88' lang='grc' dir='ltr'><strong><em>την</em></strong></span> <span class='ocrx_word' id='word_1_18' title='bbox 873 422 1066 505; x_wconf 79' lang='grc' dir='ltr'><strong><em>Βαβυλωυα</em></strong></span> <span class='ocrx_word' id='word_1_19' title='bbox 1088 415 1132 485; x_wconf 71' lang='lat' dir='ltr'><strong><em>ud</em></strong></span> <span class='ocrx_word' id='word_1_20' title='bbox 1171 414 1173 447; x_wconf 76' lang='lat'>²</span> 
     </span>
     <span class='ocr_line' id='line_1_4' title="bbox 134 511 1133 637; baseline -0.001 -52"><span class='ocrx_word' id='word_1_21' title='bbox 134 514 383 587; x_wconf 76' lang='grc' dir='ltr'><strong><em>διαθέωνται</em></strong></span> <span class='ocrx_word' id='word_1_22' title='bbox 348 543 409 586; x_wconf 91' lang='grc' dir='ltr'><strong><em>του</em></strong></span> <span class='ocrx_word' id='word_1_23' title='bbox 423 516 569 637; x_wconf 87' lang='grc' dir='ltr'><strong><em>φόρτον,</em></strong></span> <span class='ocrx_word' id='word_1_24' title='bbox 585 515 707 600; x_wconf 80' lang='grc' dir='ltr'><strong><em>νομέας</em></strong></span> <span class='ocrx_word' id='word_1_25' title='bbox 721 513 785 599; x_wconf 69' lang='grc' dir='ltr'><strong><em>μὲν</em></strong></span> <span class='ocrx_word' id='word_1_26' title='bbox 797 539 859 582; x_wconf 93' lang='grc' dir='ltr'><strong><em>του</em></strong></span> <span class='ocrx_word' id='word_1_27' title='bbox 844 519 996 584; x_wconf 90' lang='grc' dir='ltr'><strong><em>πλοίου</em></strong></span> <span class='ocrx_word' id='word_1_28' title='bbox 1010 511 1113 584; x_wconf 75' lang='grc' dir='ltr'><strong><em>καὶ</em></strong></span> <span class='ocrx_word' id='word_1_29' title='bbox 1080 540 1133 601; x_wconf 76' lang='grc' dir='ltr'><strong><em>την</em></strong></span> 
     </span>
     <span class='ocr_line' id='line_1_5' title="bbox 134 604 1134 702; baseline -0.001 -20"><span class='ocrx_word' id='word_1_30' title='bbox 134 614 287 702; x_wconf 77' lang='grc' dir='ltr'><strong><em>καλάμην</em></strong></span> <span class='ocrx_word' id='word_1_31' title='bbox 298 621 410 683; x_wconf 79' lang='grc' dir='ltr'><strong><em>πᾶσαν</em></strong></span> <span class='ocrx_word' id='word_1_32' title='bbox 421 610 468 682; x_wconf 82' lang='grc' dir='ltr'><strong><em>ἆπ</em></strong></span> <span class='ocrx_word' id='word_1_33' title='bbox 471 604 548 680; x_wconf 77' lang='grc' dir='ltr'><strong><em>’δυ</em></strong></span> <span class='ocrx_word' id='word_1_34' title='bbox 559 607 794 699; x_wconf 78' lang='grc' dir='ltr'><strong><em>ἐκήρυξαν,</em></strong></span> <span class='ocrx_word' id='word_1_35' title='bbox 757 636 816 690; x_wconf 89' lang='grc' dir='ltr'><strong><em>τας</em></strong></span> <span class='ocrx_word' id='word_1_36' title='bbox 832 610 868 678; x_wconf 75' lang='grc' dir='ltr'><strong><em>δὲ</em></strong></span> <span class='ocrx_word' id='word_1_37' title='bbox 886 612 1055 700; x_wconf 72' lang='grc' dir='ltr'><strong><em>διφθέρας</em></strong></span> <span class='ocrx_word' id='word_1_38' title='bbox 1068 613 1134 682; x_wconf 80' lang='grc' dir='ltr'><strong><em>έτι</em></strong></span> 
     </span>
     <span class='ocr_line' id='line_1_6' title="bbox 133 704 1132 797; baseline -0.003 -17"><span class='ocrx_word' id='word_1_39' title='bbox 133 713 292 794; x_wconf 82' lang='grc' dir='ltr'><strong><em>σαξαυτες</em></strong></span> <span class='ocrx_word' id='word_1_40' title='bbox 302 713 356 780; x_wconf 82' lang='grc' dir='ltr'><strong><em>έπὶ</em></strong></span> <span class='ocrx_word' id='word_1_41' title='bbox 365 736 444 790; x_wconf 91' lang='grc' dir='ltr'><strong><em>τους</em></strong></span> <span class='ocrx_word' id='word_1_42' title='bbox 455 735 557 788; x_wconf 92' lang='grc' dir='ltr'><strong><em>ουους</em></strong></span> <span class='ocrx_word' id='word_1_43' title='bbox 568 705 799 778; x_wconf 88' lang='grc' dir='ltr'><strong><em>απελαυνουσι</em></strong></span> <span class='ocrx_word' id='word_1_44' title='bbox 807 710 840 788; x_wconf 88' lang='grc' dir='ltr'><strong><em>ές</em></strong></span> <span class='ocrx_word' id='word_1_45' title='bbox 850 733 929 788; x_wconf 84' lang='grc' dir='ltr'><strong><em>τους</em></strong></span> <span class='ocrx_word' id='word_1_46' title='bbox 935 704 1132 797; x_wconf 76' lang='grc' dir='ltr'><strong><em>Λρμενίους</em></strong></span> 
     </span>
     <span class='ocr_line' id='line_1_7' title="bbox 134 800 1134 928; baseline -0.004 -49"><span class='ocrx_word' id='word_1_47' title='bbox 134 808 200 878; x_wconf 79' lang='grc' dir='ltr'><strong><em>ἀνὰ</em></strong></span> <span class='ocrx_word' id='word_1_48' title='bbox 222 807 283 878; x_wconf 85' lang='grc' dir='ltr'><strong><em>τὸν</em></strong></span> <span class='ocrx_word' id='word_1_49' title='bbox 297 806 448 895; x_wconf 83' lang='grc' dir='ltr'><strong><em>ποταμὸν</em></strong></span> <span class='ocrx_word' id='word_1_50' title='bbox 465 803 531 928; x_wconf 79' lang='grc' dir='ltr'><strong><em>γὰρ</em></strong></span> <span class='ocrx_word' id='word_1_51' title='bbox 548 802 589 894; x_wconf 85' lang='grc' dir='ltr'><strong><em>δή</em></strong></span> <span class='ocrx_word' id='word_1_52' title='bbox 605 803 669 875; x_wconf 81' lang='grc' dir='ltr'><strong><em>οὐκ</em></strong></span> <span class='ocrx_word' id='word_1_53' title='bbox 684 800 738 875; x_wconf 80' lang='grc' dir='ltr'><strong><em>οἷα</em></strong></span> <span class='ocrx_word' id='word_1_54' title='bbox 752 832 787 873; x_wconf 90' lang='grc' dir='ltr'><strong><em>τε</em></strong></span> <span class='ocrx_word' id='word_1_55' title='bbox 782 807 871 874; x_wconf 80' lang='grc' dir='ltr'><strong><em>’ἐστι</em></strong></span> <span class='ocrx_word' id='word_1_56' title='bbox 883 804 1012 875; x_wconf 78' lang='grc' dir='ltr'><strong><em>πλοίειν</em></strong></span> <span class='ocrx_word' id='word_1_57' title='bbox 1026 802 1134 881; x_wconf 75' lang='grc' dir='ltr'><strong><em>οὐδενί</em></strong></span> 
     </span>
     <span class='ocr_line' id='line_1_8' title="bbox 133 901 1134 999; baseline -0.001 -23"><span class='ocrx_word' id='word_1_58' title='bbox 133 907 245 999; x_wconf 84' lang='grc' dir='ltr'><strong><em>τρόπφ</em></strong></span> <span class='ocrx_word' id='word_1_59' title='bbox 258 903 324 977; x_wconf 82' lang='grc' dir='ltr'><strong><em>ὑπὸ</em></strong></span> <span class='ocrx_word' id='word_1_60' title='bbox 338 906 453 994; x_wconf 76' lang='grc' dir='ltr'><strong><em>τάχεος</em></strong></span> <span class='ocrx_word' id='word_1_61' title='bbox 466 911 527 975; x_wconf 92' lang='grc' dir='ltr'><strong><em>τοῦ</em></strong></span> <span class='ocrx_word' id='word_1_62' title='bbox 542 911 713 991; x_wconf 87' lang='grc' dir='ltr'><strong><em>ποταμοῦ·</em></strong></span> <span class='ocrx_word' id='word_1_63' title='bbox 740 901 795 972; x_wconf 77' lang='grc' dir='ltr'><strong><em>διὰ</em></strong></span> <span class='ocrx_word' id='word_1_64' title='bbox 808 901 875 993; x_wconf 78' lang='grc' dir='ltr'><strong><em>γὰρ</em></strong></span> <span class='ocrx_word' id='word_1_65' title='bbox 887 912 992 974; x_wconf 89' lang='grc' dir='ltr'><strong><em>ταῦτα</em></strong></span> <span class='ocrx_word' id='word_1_66' title='bbox 1006 901 1115 974; x_wconf 64' lang='grc' dir='ltr'><strong><em>καθ’</em></strong></span> <span class='ocrx_word' id='word_1_67' title='bbox 1078 928 1134 975; x_wconf 74' lang='grc' dir='ltr'><strong><em>ουτ</em></strong></span> 
     </span>
     <span class='ocr_line' id='line_1_9' title="bbox 133 998 1134 1090; baseline -0.005 -14"><span class='ocrx_word' id='word_1_68' title='bbox 133 1010 170 1076; x_wconf 80' lang='grc' dir='ltr'><strong><em>ἐκ</em></strong></span> <span class='ocrx_word' id='word_1_69' title='bbox 187 1007 297 1087; x_wconf 84' lang='grc' dir='ltr'><strong><em>ξύλων</em></strong></span> <span class='ocrx_word' id='word_1_70' title='bbox 310 1012 483 1075; x_wconf 77' lang='grc' dir='ltr'><strong><em>ποιεῦνται</em></strong></span> <span class='ocrx_word' id='word_1_71' title='bbox 496 1030 536 1072; x_wconf 92' lang='grc' dir='ltr'><strong><em>τα</em></strong></span> <span class='ocrx_word' id='word_1_72' title='bbox 525 1001 663 1090; x_wconf 70' lang='grc' dir='ltr'><strong><em>πλοῖα,</em></strong></span> <span class='ocrx_word' id='word_1_73' title='bbox 678 998 748 1072; x_wconf 75' lang='grc' dir='ltr'><strong><em>ἀλλ’</em></strong></span> <span class='ocrx_word' id='word_1_74' title='bbox 765 1005 802 1071; x_wconf 91' lang='grc' dir='ltr'><strong><em>έκ</em></strong></span> <span class='ocrx_word' id='word_1_75' title='bbox 816 1004 1020 1090; x_wconf 74' lang='grc' dir='ltr'><strong><em>διφθερέων</em></strong></span> <span class='ocrx_word' id='word_1_76' title='bbox 1040 999 1134 1074; x_wconf 73' lang='grc' dir='ltr'><strong><em>έπεᾶν</em></strong></span> 
     </span>
     <span class='ocr_line' id='line_1_10' title="bbox 134 1097 1134 1188; baseline -0.004 -15"><span class='ocrx_word' id='word_1_77' title='bbox 134 1106 170 1173; x_wconf 80' lang='grc' dir='ltr'><strong><em>δέ</em></strong></span> <span class='ocrx_word' id='word_1_78' title='bbox 186 1102 264 1184; x_wconf 84' lang='grc' dir='ltr'><strong><em>τοῦς</em></strong></span> <span class='ocrx_word' id='word_1_79' title='bbox 280 1101 381 1182; x_wconf 80' lang='grc' dir='ltr'><strong><em>ὅνους</em></strong></span> <span class='ocrx_word' id='word_1_80' title='bbox 395 1102 592 1180; x_wconf 78' lang='grc' dir='ltr'><strong><em>ἐλαύνοντες</em></strong></span> <span class='ocrx_word' id='word_1_81' title='bbox 607 1097 822 1169; x_wconf 84' lang='grc' dir='ltr'><strong><em>ἆπίκωυται’</em></strong></span> <span class='ocrx_word' id='word_1_82' title='bbox 806 1107 912 1169; x_wconf 88' lang='grc' dir='ltr'><strong><em>οπίσω</em></strong></span> <span class='ocrx_word' id='word_1_83' title='bbox 927 1102 960 1179; x_wconf 85' lang='grc' dir='ltr'><strong><em>ές</em></strong></span> <span class='ocrx_word' id='word_1_84' title='bbox 973 1098 1056 1181; x_wconf 84' lang='grc' dir='ltr'><strong><em>τοῦς</em></strong></span> <span class='ocrx_word' id='word_1_85' title='bbox 1065 1099 1134 1188; x_wconf 84' lang='grc' dir='ltr'><strong><em>Ἀρ-</em></strong></span> 
     </span>
     <span class='ocr_line' id='line_1_11' title="bbox 115 1195 1133 1292; baseline -0.003 -20.949"><span class='ocrx_word' id='word_1_86' title='bbox 115 1207 284 1289; x_wconf 87' lang='grc' dir='ltr'><strong><em>μενίους,</em></strong></span> <span class='ocrx_word' id='word_1_87' title='bbox 306 1199 390 1271; x_wconf 78' lang='grc' dir='ltr'><strong><em>ἄλλα</em></strong></span> <span class='ocrx_word' id='word_1_88' title='bbox 402 1200 565 1292; x_wconf 77' lang='grc' dir='ltr'><strong><em>τρόπῳ</em></strong></span> <span class='ocrx_word' id='word_1_89' title='bbox 533 1205 579 1268; x_wconf 78' lang='grc' dir='ltr'><strong><em>τοῦ</em></strong></span> <span class='ocrx_word' id='word_1_90' title='bbox 595 1195 685 1290; x_wconf 75' lang='grc' dir='ltr'><strong><em>αὐτῷ</em></strong></span> <span class='ocrx_word' id='word_1_91' title='bbox 700 1204 874 1266; x_wconf 71' lang='grc' dir='ltr'><strong><em>ποιεῦνται</em></strong></span> <span class='ocrx_word' id='word_1_92' title='bbox 888 1208 998 1269; x_wconf 68' lang='grc' dir='ltr'><strong><em>πλοῖα.</em></strong></span> <span class='ocrx_word' id='word_1_93' title='bbox 1022 1225 1064 1268; x_wconf 89' lang='grc' dir='ltr'><strong><em>τα</em></strong></span> <span class='ocrx_word' id='word_1_94' title='bbox 1052 1197 1133 1287; x_wconf 69' lang='grc' dir='ltr'><strong><em>μέν</em></strong></span> 
     </span>
     <span class='ocr_line' id='line_1_12' title="bbox 69 1296 1132 1388; baseline -0.008 -15"><span class='ocrx_word' id='word_1_95' title='bbox 69 1316 119 1373; x_wconf 79' lang='grc'><strong><em>195</em></strong></span> <span class='ocrx_word' id='word_1_96' title='bbox 132 1297 173 1388; x_wconf 84' lang='grc' dir='ltr'><strong><em>δή</em></strong></span> <span class='ocrx_word' id='word_1_97' title='bbox 188 1308 287 1369; x_wconf 73' lang='grc' dir='ltr'><strong><em>πλοῖα</em></strong></span> <span class='ocrx_word' id='word_1_98' title='bbox 302 1296 434 1369; x_wconf 74' lang='grc' dir='ltr'><strong><em>αὐτοῖσί</em></strong></span> <span class='ocrx_word' id='word_1_99' title='bbox 445 1301 513 1367; x_wconf 80' lang='grc' dir='ltr'><strong><em>ἐστι</em></strong></span> <span class='ocrx_word' id='word_1_100' title='bbox 527 1303 682 1381; x_wconf 87' lang='grc' dir='ltr'><strong><em>τοιαῦτα,</em></strong></span> <span class='ocrx_word' id='word_1_101' title='bbox 706 1298 822 1383; x_wconf 84' lang='grc' dir='ltr'><strong><em>έσθήτι</em></strong></span> <span class='ocrx_word' id='word_1_102' title='bbox 837 1296 874 1365; x_wconf 71' lang='grc' dir='ltr'><strong><em>δὲ</em></strong></span> <span class='ocrx_word' id='word_1_103' title='bbox 887 1301 1000 1387; x_wconf 78' lang='grc' dir='ltr'><strong><em>τοιῇδε</em></strong></span> <span class='ocrx_word' id='word_1_104' title='bbox 1020 1299 1132 1388; x_wconf 81' lang='grc' dir='ltr'><strong><em>χρέον·</em></strong></span> 
     </span>
     <span class='ocr_line' id='line_1_13' title="bbox 132 1394 1134 1486; baseline 0.001 -21"><span class='ocrx_word' id='word_1_105' title='bbox 132 1424 196 1482; x_wconf 89' lang='grc' dir='ltr'><strong><em>ται,</em></strong></span> <span class='ocrx_word' id='word_1_106' title='bbox 211 1404 334 1466; x_wconf 76' lang='grc' dir='ltr'><strong><em>κιθῶνι</em></strong></span> <span class='ocrx_word' id='word_1_107' title='bbox 347 1398 527 1484; x_wconf 80' lang='grc' dir='ltr'><strong><em>ποδηνεκέι·</em></strong></span> <span class='ocrx_word' id='word_1_108' title='bbox 536 1397 654 1486; x_wconf 76' lang='grc' dir='ltr'><strong><em>λινέῳ</em></strong></span> <span class='ocrx_word' id='word_1_109' title='bbox 676 1421 732 1462; x_wconf 89' lang='grc' dir='ltr'><strong><em>και</em></strong></span> <span class='ocrx_word' id='word_1_110' title='bbox 721 1396 798 1464; x_wconf 80' lang='grc' dir='ltr'><strong><em>έπδ</em></strong></span> <span class='ocrx_word' id='word_1_111' title='bbox 807 1401 930 1465; x_wconf 88' lang='grc' dir='ltr'><strong><em>τοῦτον</em></strong></span> <span class='ocrx_word' id='word_1_112' title='bbox 939 1394 1048 1466; x_wconf 88' lang='grc' dir='ltr'><strong><em>αλλον</em></strong></span> <span class='ocrx_word' id='word_1_113' title='bbox 1059 1402 1134 1482; x_wconf 81' lang='grc' dir='ltr'><strong><em>είρί·</em></strong></span> 
     </span>
     <span class='ocr_line' id='line_1_14' title="bbox 131 1491 1134 1583; baseline 0.001 -19"><span class='ocrx_word' id='word_1_114' title='bbox 131 1520 212 1564; x_wconf 89' lang='grc' dir='ltr'><strong><em>υεον</em></strong></span> <span class='ocrx_word' id='word_1_115' title='bbox 222 1500 355 1563; x_wconf 91' lang='grc' dir='ltr'><strong><em>κιθωνοι</em></strong></span> <span class='ocrx_word' id='word_1_116' title='bbox 366 1493 542 1563; x_wconf 83' lang='grc' dir='ltr'><strong><em>έπευδυνει</em></strong></span> <span class='ocrx_word' id='word_1_117' title='bbox 553 1494 608 1562; x_wconf 79' lang='grc' dir='ltr'><strong><em>καὶ</em></strong></span> <span class='ocrx_word' id='word_1_118' title='bbox 617 1498 790 1580; x_wconf 85' lang='grc' dir='ltr'><strong><em>χλανίδιον</em></strong></span> <span class='ocrx_word' id='word_1_119' title='bbox 801 1491 925 1563; x_wconf 87' lang='grc' dir='ltr'><strong><em>λενκον</em></strong></span> <span class='ocrx_word' id='word_1_120' title='bbox 935 1493 1134 1583; x_wconf 84' lang='grc' dir='ltr'><strong><em>περιβαλλο-</em></strong></span> 
     </span>
     <span class='ocr_line' id='line_1_15' title="bbox 130 1589 1132 1685; baseline 0.003 -24"><span class='ocrx_word' id='word_1_121' title='bbox 130 1618 245 1681; x_wconf 87' lang='grc' dir='ltr'><strong><em>μενος,</em></strong></span> <span class='ocrx_word' id='word_1_122' title='bbox 281 1589 479 1680; x_wconf 76' lang='grc' dir='ltr'><strong><em>ὑποδήματα</em></strong></span> <span class='ocrx_word' id='word_1_123' title='bbox 504 1596 588 1677; x_wconf 85' lang='grc' dir='ltr'><strong><em>έχων</em></strong></span> <span class='ocrx_word' id='word_1_124' title='bbox 618 1591 794 1679; x_wconf 77' lang='grc' dir='ltr'><strong><em>ἐπιχώρια,</em></strong></span> <span class='ocrx_word' id='word_1_125' title='bbox 821 1593 1040 1683; x_wconf 85' lang='grc' dir='ltr'><strong><em>παραπλήσια</em></strong></span> <span class='ocrx_word' id='word_1_126' title='bbox 1064 1601 1132 1685; x_wconf 77' lang='grc' dir='ltr'><strong><em>τῇσι</em></strong></span> 
     </span>
     <span class='ocr_line' id='line_1_16' title="bbox 50 1687 1132 1782; baseline 0 -22"><span class='ocrx_word' id='word_1_127' title='bbox 50 1765 53 1771; x_wconf 62' lang='grc'><strong><em>,</em></strong></span> <span class='ocrx_word' id='word_1_128' title='bbox 128 1694 311 1779; x_wconf 75' lang='grc' dir='ltr'><strong><em>Βοιωτίῃσι</em></strong></span> <span class='ocrx_word' id='word_1_129' title='bbox 333 1687 462 1777; x_wconf 78' lang='grc' dir='ltr'><strong><em>έμβοὲσι.</em></strong></span> <span class='ocrx_word' id='word_1_130' title='bbox 492 1690 665 1775; x_wconf 83' lang='grc' dir='ltr'><strong><em>κομέουτες</em></strong></span> <span class='ocrx_word' id='word_1_131' title='bbox 688 1691 724 1758; x_wconf 79' lang='grc' dir='ltr'><strong><em>δὲ</em></strong></span> <span class='ocrx_word' id='word_1_132' title='bbox 747 1687 806 1770; x_wconf 82' lang='grc' dir='ltr'><strong><em>τοὶς</em></strong></span> <span class='ocrx_word' id='word_1_133' title='bbox 832 1689 981 1776; x_wconf 79' lang='grc' dir='ltr'><strong><em>κεφαλὰς</em></strong></span> <span class='ocrx_word' id='word_1_134' title='bbox 1004 1698 1132 1782; x_wconf 77' lang='grc' dir='ltr'><strong><em>μίτρῃσι</em></strong></span> 
     </span>
     <span class='ocr_line' id='line_1_17' title="bbox 130 1784 1134 1878; baseline 0.001 -21"><span class='ocrx_word' id='word_1_135' title='bbox 130 1787 344 1871; x_wconf 80' lang='grc' dir='ltr'><strong><em>ἀναδέονται,</em></strong></span> <span class='ocrx_word' id='word_1_136' title='bbox 365 1789 605 1872; x_wconf 83' lang='grc' dir='ltr'><strong><em>μεμυρισμένοι</em></strong></span> <span class='ocrx_word' id='word_1_137' title='bbox 626 1793 695 1855; x_wconf 85' lang='grc' dir='ltr'><strong><em>πᾶν</em></strong></span> <span class='ocrx_word' id='word_1_138' title='bbox 715 1784 751 1856; x_wconf 86' lang='grc' dir='ltr'><strong><em>τδ</em></strong></span> <span class='ocrx_word' id='word_1_139' title='bbox 775 1794 878 1874; x_wconf 81' lang='grc' dir='ltr'><strong><em>σῶμα.</em></strong></span> <span class='ocrx_word' id='word_1_140' title='bbox 909 1793 1080 1878; x_wconf 77' lang='grc' dir='ltr'><strong><em>σφρηγιδα</em></strong></span> <span class='ocrx_word' id='word_1_141' title='bbox 1100 1787 1134 1857; x_wconf 80' lang='lat'><strong><em>66</em></strong></span> 
     </span>
     <span class='ocr_line' id='line_1_18' title="bbox 63 1881 1133 2014; baseline 0 -60"><span class='ocrx_word' id='word_1_142' title='bbox 63 1967 67 1974; x_wconf 31' lang='grc' dir='ltr'>Ι</span> <span class='ocrx_word' id='word_1_143' title='bbox 129 1888 265 1964; x_wconf 78' lang='grc' dir='ltr'><strong><em>ἕκαστος</em></strong></span> <span class='ocrx_word' id='word_1_144' title='bbox 280 1890 345 1971; x_wconf 86' lang='grc' dir='ltr'><strong><em>έχει</em></strong></span> <span class='ocrx_word' id='word_1_145' title='bbox 359 1886 414 1952; x_wconf 74' lang='grc' dir='ltr'><strong><em>καὶ</em></strong></span> <span class='ocrx_word' id='word_1_146' title='bbox 428 1890 599 1970; x_wconf 86' lang='grc' dir='ltr'><strong><em>σκήπτρου</em></strong></span> <span class='ocrx_word' id='word_1_147' title='bbox 608 1892 858 1972; x_wconf 85' lang='grc' dir='ltr'><strong><em>χειροποίητον·</em></strong></span> <span class='ocrx_word' id='word_1_148' title='bbox 884 1881 937 1953; x_wconf 77' lang='grc' dir='ltr'><strong><em>ἐπ’</em></strong></span> <span class='ocrx_word' id='word_1_149' title='bbox 957 1886 1087 2014; x_wconf 75' lang='grc' dir='ltr'><strong><em>έκήστρι</em></strong></span> <span class='ocrx_word' id='word_1_150' title='bbox 1101 1888 1133 1954; x_wconf 80' lang='grc' dir='ltr'><strong><em>δδ</em></strong></span> 
     </span>
     <span class='ocr_line' id='line_1_19' title="bbox 128 1979 1135 2107; baseline 0.002 -53"><span class='ocrx_word' id='word_1_151' title='bbox 128 1983 284 2107; x_wconf 76' lang='grc' dir='ltr'><strong><em>σκήπτρῳ</em></strong></span> <span class='ocrx_word' id='word_1_152' title='bbox 299 1989 410 2052; x_wconf 81' lang='grc' dir='ltr'><strong><em>ἔπεστι</em></strong></span> <span class='ocrx_word' id='word_1_153' title='bbox 424 1979 688 2070; x_wconf 89' lang='grc' dir='ltr'><strong><em>πεποιημένον</em></strong></span> <span class='ocrx_word' id='word_1_154' title='bbox 666 2011 686 2072; x_wconf 92' lang='grc' dir='ltr'><strong><em>η</em></strong></span> <span class='ocrx_word' id='word_1_155' title='bbox 704 1991 811 2073; x_wconf 85' lang='grc' dir='ltr'><strong><em>μήλου</em></strong></span> <span class='ocrx_word' id='word_1_156' title='bbox 827 2012 848 2071; x_wconf 93' lang='grc' dir='ltr'><strong><em>η</em></strong></span> <span class='ocrx_word' id='word_1_157' title='bbox 835 1980 1004 2075; x_wconf 77' lang='grc' dir='ltr'><strong><em>ρόδουή</em></strong></span> <span class='ocrx_word' id='word_1_158' title='bbox 1017 1993 1135 2072; x_wconf 86' lang='grc' dir='ltr'><strong><em>κρίνον</em></strong></span> 
     </span>
     <span class='ocr_line' id='line_1_20' title="bbox 125 2078 1134 2195; baseline 0.004 -44"><span class='ocrx_word' id='word_1_159' title='bbox 125 2112 146 2171; x_wconf 92' lang='grc' dir='ltr'><strong><em>η</em></strong></span> <span class='ocrx_word' id='word_1_160' title='bbox 134 2078 308 2171; x_wconf 85' lang='grc' dir='ltr'><strong><em>αίετοςη</em></strong></span> <span class='ocrx_word' id='word_1_161' title='bbox 331 2081 412 2151; x_wconf 90' lang='grc' dir='ltr'><strong><em>αλλο</em></strong></span> <span class='ocrx_word' id='word_1_162' title='bbox 436 2108 484 2151; x_wconf 92' lang='grc' dir='ltr'><strong><em>τι</em></strong></span> <span class='ocrx_word' id='word_1_163' title='bbox 513 2082 598 2151; x_wconf 76' lang='grc' dir='ltr'><strong><em>ἄνευ</em></strong></span> <span class='ocrx_word' id='word_1_164' title='bbox 611 2080 676 2170; x_wconf 73' lang='grc' dir='ltr'><strong><em>γὰρ</em></strong></span> <span class='ocrx_word' id='word_1_165' title='bbox 699 2080 930 2173; x_wconf 78' lang='grc' dir='ltr'><strong><em>ἐπισήμου</em></strong></span> <span class='ocrx_word' id='word_1_166' title='bbox 886 2109 929 2153; x_wconf 92' lang='grc' dir='ltr'><strong><em>ου</em></strong></span> <span class='ocrx_word' id='word_1_167' title='bbox 950 2104 1014 2172; x_wconf 87' lang='grc' dir='ltr'><strong><em>σφι</em></strong></span> <span class='ocrx_word' id='word_1_168' title='bbox 1034 2083 1134 2195; x_wconf 76' lang='grc' dir='ltr'><strong><em>νόμος</em></strong></span> 
     </span>
     <span class='ocr_line' id='line_1_21' title="bbox 127 2170 1133 2305; baseline -0.001 -55"><span class='ocrx_word' id='word_1_169' title='bbox 127 2183 195 2250; x_wconf 80' lang='grc' dir='ltr'><strong><em>ἐστὶ</em></strong></span> <span class='ocrx_word' id='word_1_170' title='bbox 206 2185 294 2267; x_wconf 81' lang='grc' dir='ltr'><strong><em>ἔχειν</em></strong></span> <span class='ocrx_word' id='word_1_171' title='bbox 312 2186 492 2267; x_wconf 86' lang='grc' dir='ltr'><strong><em>σκήπτρου.</em></strong></span> <span class='ocrx_word' id='word_1_172' title='bbox 524 2177 609 2265; x_wconf 82' lang='grc' dir='ltr'><strong><em>αῦτη</em></strong></span> <span class='ocrx_word' id='word_1_173' title='bbox 624 2178 687 2267; x_wconf 78' lang='grc' dir='ltr'><strong><em>μέν</em></strong></span> <span class='ocrx_word' id='word_1_174' title='bbox 707 2181 751 2269; x_wconf 91' lang='grc' dir='ltr'><strong><em>δή</em></strong></span> <span class='ocrx_word' id='word_1_175' title='bbox 776 2201 838 2268; x_wconf 92' lang='grc' dir='ltr'><strong><em>σφι</em></strong></span> <span class='ocrx_word' id='word_1_176' title='bbox 860 2179 989 2305; x_wconf 70' lang='grc' dir='ltr'><strong><em>ἄρτισις</em></strong></span> <span class='ocrx_word' id='word_1_177' title='bbox 1008 2185 1087 2269; x_wconf 74' lang='grc' dir='ltr'><strong><em>περὶ</em></strong></span> <span class='ocrx_word' id='word_1_178' title='bbox 1099 2170 1133 2250; x_wconf 83' lang='grc' dir='ltr'><strong><em>τδ</em></strong></span> 
     </span>
     <span class='ocr_line' id='line_1_22' title="bbox 68 2269 1136 2394; baseline -0.007 -41"><span class='ocrx_word' id='word_1_179' title='bbox 68 2295 115 2353; x_wconf 79' lang='lat'><strong><em>196</em></strong></span> <span class='ocrx_word' id='word_1_180' title='bbox 127 2285 221 2394; x_wconf 80' lang='grc' dir='ltr'><strong><em>σῶμα</em></strong></span> <span class='ocrx_word' id='word_1_181' title='bbox 214 2277 322 2361; x_wconf 87' lang='grc' dir='ltr'><strong><em>’έστι,</em></strong></span> <span class='ocrx_word' id='word_1_182' title='bbox 344 2275 444 2362; x_wconf 93' lang='grc' dir='ltr'><strong><em>νόμοι</em></strong></span> <span class='ocrx_word' id='word_1_183' title='bbox 458 2278 495 2344; x_wconf 80' lang='grc' dir='ltr'><strong><em>δέ</em></strong></span> <span class='ocrx_word' id='word_1_184' title='bbox 509 2273 640 2345; x_wconf 75' lang='grc' dir='ltr'><strong><em>αῦτοσσι</em></strong></span> <span class='ocrx_word' id='word_1_185' title='bbox 656 2269 720 2346; x_wconf 88' lang='grc' dir='ltr'><strong><em>ωδε</em></strong></span> <span class='ocrx_word' id='word_1_186' title='bbox 736 2281 944 2348; x_wconf 85' lang='grc' dir='ltr'><strong><em>κατεστέασι</em></strong></span> <span class='ocrx_word' id='word_1_187' title='bbox 968 2305 988 2348; x_wconf 97' lang='grc' dir='ltr'><strong><em>ο</em></strong></span> <span class='ocrx_word' id='word_1_188' title='bbox 976 2276 1068 2366; x_wconf 77' lang='grc' dir='ltr'><strong><em>μδν</em></strong></span> <span class='ocrx_word' id='word_1_189' title='bbox 1078 2299 1136 2346; x_wconf 87' lang='grc' dir='ltr'><strong><em>σο·</em></strong></span> 
     </span>
     <span class='ocr_line' id='line_1_23' title="bbox 127 2370 1134 2469; baseline 0 -27"><span class='ocrx_word' id='word_1_190' title='bbox 127 2374 280 2462; x_wconf 76' lang='grc' dir='ltr'><strong><em>φατ’τατος</em></strong></span> <span class='ocrx_word' id='word_1_191' title='bbox 293 2370 352 2442; x_wconf 81' lang='grc' dir='ltr'><strong><em>ὅδε</em></strong></span> <span class='ocrx_word' id='word_1_192' title='bbox 366 2370 451 2441; x_wconf 74' lang='grc' dir='ltr'><strong><em>κατὰ</em></strong></span> <span class='ocrx_word' id='word_1_193' title='bbox 465 2375 605 2464; x_wconf 75' lang='grc' dir='ltr'><strong><em>γνώμην</em></strong></span> <span class='ocrx_word' id='word_1_194' title='bbox 625 2372 688 2463; x_wconf 86' lang='grc' dir='ltr'><strong><em>τήν</em></strong></span> <span class='ocrx_word' id='word_1_195' title='bbox 701 2372 883 2465; x_wconf 79' lang='grc' dir='ltr'><strong><em>ἡμετέρην,</em></strong></span> <span class='ocrx_word' id='word_1_196' title='bbox 897 2403 944 2469; x_wconf 80' lang='grc' dir='ltr'><strong><em>τρι</em></strong></span> <span class='ocrx_word' id='word_1_197' title='bbox 965 2374 1041 2446; x_wconf 79' lang='grc' dir='ltr'><strong><em>παιδ’</em></strong></span> <span class='ocrx_word' id='word_1_198' title='bbox 1034 2384 1134 2448; x_wconf 82' lang='grc' dir='ltr'><strong><em>Ιλλυ-</em></strong></span> 
     </span>
     <span class='ocr_line' id='line_1_24' title="bbox 127 2469 1136 2564; baseline -0.003 -21"><span class='ocrx_word' id='word_1_199' title='bbox 127 2480 211 2564; x_wconf 84' lang='grc' dir='ltr'><strong><em>ριῦν</em></strong></span> <span class='ocrx_word' id='word_1_200' title='bbox 218 2469 370 2553; x_wconf 74' lang='grc' dir='ltr'><strong><em>Ἐνετοὺς</em></strong></span> <span class='ocrx_word' id='word_1_201' title='bbox 385 2473 607 2561; x_wconf 78' lang='grc' dir='ltr'><strong><em>πυνθάνομαι</em></strong></span> <span class='ocrx_word' id='word_1_202' title='bbox 626 2481 783 2563; x_wconf 82' lang='grc' dir='ltr'><strong><em>χρᾶσθαι.</em></strong></span> <span class='ocrx_word' id='word_1_203' title='bbox 816 2470 900 2542; x_wconf 78' lang='grc' dir='ltr'><strong><em>κατὰ</em></strong></span> <span class='ocrx_word' id='word_1_204' title='bbox 924 2474 1040 2560; x_wconf 81' lang='grc' dir='ltr'><strong><em>κοίμας</em></strong></span> <span class='ocrx_word' id='word_1_205' title='bbox 1058 2469 1136 2541; x_wconf 76' lang='grc' dir='ltr'><strong><em>ἑκτέ-</em></strong></span> 
     </span>
     <span class='ocr_line' id='line_1_25' title="bbox 126 2567 1136 2652; baseline -0.005 -9"><span class='ocrx_word' id='word_1_206' title='bbox 126 2593 205 2652; x_wconf 90' lang='grc' dir='ltr'><strong><em>στας</em></strong></span> <span class='ocrx_word' id='word_1_207' title='bbox 226 2569 313 2651; x_wconf 77' lang='grc' dir='ltr'><strong><em>ἅπαξ</em></strong></span> <span class='ocrx_word' id='word_1_208' title='bbox 333 2578 394 2639; x_wconf 93' lang='grc' dir='ltr'><strong><em>τοῦ</em></strong></span> <span class='ocrx_word' id='word_1_209' title='bbox 417 2577 506 2652; x_wconf 84' lang='grc' dir='ltr'><strong><em>ἔτεος</em></strong></span> <span class='ocrx_word' id='word_1_210' title='bbox 528 2572 671 2642; x_wconf 80' lang='grc' dir='ltr'><strong><em>ἑκάστου</em></strong></span> <span class='ocrx_word' id='word_1_211' title='bbox 693 2573 839 2642; x_wconf 74' lang='grc' dir='ltr'><strong><em>ἐποιέετο</em></strong></span> <span class='ocrx_word' id='word_1_212' title='bbox 856 2571 945 2641; x_wconf 78' lang='grc' dir='ltr'><strong><em>τάδε.</em></strong></span> <span class='ocrx_word' id='word_1_213' title='bbox 974 2569 1020 2651; x_wconf 79' lang='grc' dir='ltr'><strong><em>ῦς</em></strong></span> <span class='ocrx_word' id='word_1_214' title='bbox 1040 2567 1086 2639; x_wconf 82' lang='grc' dir='ltr'><strong><em>δν</em></strong></span> <span class='ocrx_word' id='word_1_215' title='bbox 1103 2572 1136 2637; x_wconf 86' lang='grc' dir='ltr'><strong><em>αί</em></strong></span> 
     </span>
     <span class='ocr_line' id='line_1_26' title="bbox 125 2665 1136 2757; baseline -0.002 -18"><span class='ocrx_word' id='word_1_216' title='bbox 125 2670 292 2757; x_wconf 77' lang='grc' dir='ltr'><strong><em>παρθένοι</em></strong></span> <span class='ocrx_word' id='word_1_217' title='bbox 314 2675 463 2754; x_wconf 78' lang='grc' dir='ltr'><strong><em>γινοίατο</em></strong></span> <span class='ocrx_word' id='word_1_218' title='bbox 483 2668 603 2756; x_wconf 74' lang='grc' dir='ltr'><strong><em>μα’μων</em></strong></span> <span class='ocrx_word' id='word_1_219' title='bbox 626 2667 761 2757; x_wconf 81' lang='grc' dir='ltr'><strong><em>ὡραῖαι,</em></strong></span> <span class='ocrx_word' id='word_1_220' title='bbox 793 2670 915 2750; x_wconf 88' lang='grc' dir='ltr'><strong><em>ταῦτας</em></strong></span> <span class='ocrx_word' id='word_1_221' title='bbox 941 2665 1031 2748; x_wconf 78' lang='grc' dir='ltr'><strong><em>ὅπως</em></strong></span> <span class='ocrx_word' id='word_1_222' title='bbox 1051 2687 1136 2737; x_wconf 84' lang='grc' dir='ltr'><strong><em>συν-</em></strong></span> 
     </span>
     <span class='ocr_line' id='line_1_27' title="bbox 125 2763 1135 2856; baseline -0.001 -20"><span class='ocrx_word' id='word_1_223' title='bbox 125 2765 286 2856; x_wconf 74' lang='grc' dir='ltr'><strong><em>αγάγοιεν</em></strong></span> <span class='ocrx_word' id='word_1_224' title='bbox 301 2763 426 2850; x_wconf 77' lang='grc' dir='ltr'><strong><em>πάσας,</em></strong></span> <span class='ocrx_word' id='word_1_225' title='bbox 447 2768 482 2844; x_wconf 84' lang='grc' dir='ltr'><strong><em>ές</em></strong></span> <span class='ocrx_word' id='word_1_226' title='bbox 498 2769 536 2833; x_wconf 77' lang='grc' dir='ltr'><strong><em>ἓν</em></strong></span> <span class='ocrx_word' id='word_1_227' title='bbox 552 2773 676 2853; x_wconf 86' lang='grc' dir='ltr'><strong><em>χωρίου</em></strong></span> <span class='ocrx_word' id='word_1_228' title='bbox 698 2767 882 2854; x_wconf 77' lang='grc' dir='ltr'><strong><em>ἐσάγεσκον</em></strong></span> <span class='ocrx_word' id='word_1_229' title='bbox 900 2765 1016 2853; x_wconf 78' lang='grc' dir='ltr'><strong><em>ἁλέας,</em></strong></span> <span class='ocrx_word' id='word_1_230' title='bbox 1041 2769 1135 2854; x_wconf 77' lang='grc' dir='ltr'><strong><em>πέριξ</em></strong></span> 
     </span>
     <span class='ocr_line' id='line_1_28' title="bbox 125 2858 1135 2953; baseline 0.001 -19"><span class='ocrx_word' id='word_1_231' title='bbox 125 2866 161 2934; x_wconf 71' lang='grc' dir='ltr'><strong><em>δέ</em></strong></span> <span class='ocrx_word' id='word_1_232' title='bbox 183 2861 288 2942; x_wconf 75' lang='grc' dir='ltr'><strong><em>αιἰτᾶς</em></strong></span> <span class='ocrx_word' id='word_1_233' title='bbox 309 2866 423 2930; x_wconf 77' lang='grc' dir='ltr'><strong><em>ἵστατο</em></strong></span> <span class='ocrx_word' id='word_1_234' title='bbox 445 2858 561 2950; x_wconf 84' lang='grc' dir='ltr'><strong><em>ὅμιλος</em></strong></span> <span class='ocrx_word' id='word_1_235' title='bbox 575 2860 721 2952; x_wconf 75' lang='grc' dir='ltr'><strong><em>ἀνδρῶν.</em></strong></span> <span class='ocrx_word' id='word_1_236' title='bbox 748 2862 888 2945; x_wconf 77' lang='grc' dir='ltr'><strong><em>’ἀνιστὰς</em></strong></span> <span class='ocrx_word' id='word_1_237' title='bbox 905 2868 941 2935; x_wconf 77' lang='grc' dir='ltr'><strong><em>δὲ</em></strong></span> <span class='ocrx_word' id='word_1_238' title='bbox 958 2864 1135 2953; x_wconf 77' lang='grc' dir='ltr'><strong><em>κατὰμίαν</em></strong></span> 
     </span>
     <span class='ocr_line' id='line_1_29' title="bbox 125 2961 1135 3053; baseline -0.004 -16"><span class='ocrx_word' id='word_1_239' title='bbox 125 2965 268 3051; x_wconf 76' lang='grc' dir='ltr'><strong><em>ἑκάστην</em></strong></span> <span class='ocrx_word' id='word_1_240' title='bbox 289 2965 394 3050; x_wconf 82' lang='grc' dir='ltr'><strong><em>κῆρυξ</em></strong></span> <span class='ocrx_word' id='word_1_241' title='bbox 411 2965 595 3048; x_wconf 84' lang='grc' dir='ltr'><strong><em>πωλέεσκε,</em></strong></span> <span class='ocrx_word' id='word_1_242' title='bbox 617 2971 733 3052; x_wconf 83' lang='grc' dir='ltr'><strong><em>πρῦτα</em></strong></span> <span class='ocrx_word' id='word_1_243' title='bbox 750 2967 813 3053; x_wconf 78' lang='grc' dir='ltr'><strong><em>μὲν</em></strong></span> <span class='ocrx_word' id='word_1_244' title='bbox 826 2962 890 3053; x_wconf 82' lang='grc' dir='ltr'><strong><em>τήν</em></strong></span> <span class='ocrx_word' id='word_1_245' title='bbox 901 2961 1135 3052; x_wconf 72' lang='grc' dir='ltr'><strong><em>εὐειδεστάτην</em></strong></span> 
     </span>
     <span class='ocr_line' id='line_1_30' title="bbox 124 3057 1135 3152; baseline -0.003 -18"><span class='ocrx_word' id='word_1_246' title='bbox 124 3061 325 3146; x_wconf 84' lang='grc' dir='ltr'><strong><em>έκπασέωυ,</em></strong></span> <span class='ocrx_word' id='word_1_247' title='bbox 348 3057 430 3146; x_wconf 76' lang='grc' dir='ltr'><strong><em>μετὰ</em></strong></span> <span class='ocrx_word' id='word_1_248' title='bbox 452 3062 506 3147; x_wconf 78' lang='grc' dir='ltr'><strong><em>δὲ,</em></strong></span> <span class='ocrx_word' id='word_1_249' title='bbox 528 3058 616 3142; x_wconf 81' lang='grc' dir='ltr'><strong><em>ὅκως</em></strong></span> <span class='ocrx_word' id='word_1_250' title='bbox 634 3060 721 3152; x_wconf 83' lang='grc' dir='ltr'><strong><em>αῦτη</em></strong></span> <span class='ocrx_word' id='word_1_251' title='bbox 743 3061 891 3151; x_wconf 76' lang='grc' dir='ltr'><strong><em>εὑροῦσα</em></strong></span> <span class='ocrx_word' id='word_1_252' title='bbox 907 3058 1036 3130; x_wconf 82' lang='grc' dir='ltr'><strong><em>πολλὸν</em></strong></span> <span class='ocrx_word' id='word_1_253' title='bbox 1051 3088 1135 3151; x_wconf 77' lang='grc' dir='ltr'><strong><em>χρυ-</em></strong></span> 
     </span>
     <span class='ocr_line' id='line_1_31' title="bbox 123 3156 1134 3248; baseline 0.001 -20"><span class='ocrx_word' id='word_1_254' title='bbox 123 3167 197 3230; x_wconf 94' lang='grc' dir='ltr'><strong><em>σίον</em></strong></span> <span class='ocrx_word' id='word_1_255' title='bbox 219 3163 382 3245; x_wconf 80' lang='grc' dir='ltr'><strong><em>πρηθείη,</em></strong></span> <span class='ocrx_word' id='word_1_256' title='bbox 404 3156 511 3246; x_wconf 78' lang='grc' dir='ltr'><strong><em>ἄλλην</em></strong></span> <span class='ocrx_word' id='word_1_257' title='bbox 531 3156 760 3248; x_wconf 79' lang='grc' dir='ltr'><strong><em>ἄνεκήρυσσε,</em></strong></span> <span class='ocrx_word' id='word_1_258' title='bbox 782 3158 805 3247; x_wconf 85' lang='grc' dir='ltr'><strong><em>ή</em></strong></span> <span class='ocrx_word' id='word_1_259' title='bbox 821 3157 888 3248; x_wconf 91' lang='grc' dir='ltr'><strong><em>μετ’</em></strong></span> <span class='ocrx_word' id='word_1_260' title='bbox 907 3161 1042 3247; x_wconf 81' lang='grc' dir='ltr'><strong><em>έκείυην</em></strong></span> <span class='ocrx_word' id='word_1_261' title='bbox 1059 3166 1134 3229; x_wconf 84' lang='grc' dir='ltr'><strong><em>έσιιε</em></strong></span> 
     </span>
     <span class='ocr_line' id='line_1_32' title="bbox 122 3255 1135 3347; baseline 0.001 -20"><span class='ocrx_word' id='word_1_262' title='bbox 122 3255 343 3344; x_wconf 76' lang='grc' dir='ltr'><strong><em>εὐειδεστάτη.</em></strong></span> <span class='ocrx_word' id='word_1_263' title='bbox 367 3258 553 3326; x_wconf 81' lang='grc' dir='ltr'><strong><em>ἐπωλέοντο</em></strong></span> <span class='ocrx_word' id='word_1_264' title='bbox 576 3258 613 3327; x_wconf 74' lang='grc' dir='ltr'><strong><em>δὲ</em></strong></span> <span class='ocrx_word' id='word_1_265' title='bbox 635 3259 689 3327; x_wconf 82' lang='grc' dir='ltr'><strong><em>έπλ</em></strong></span> <span class='ocrx_word' id='word_1_266' title='bbox 707 3260 893 3346; x_wconf 89' lang='grc' dir='ltr'><strong><em>συνοικήσι.</em></strong></span> <span class='ocrx_word' id='word_1_267' title='bbox 917 3257 992 3329; x_wconf 84' lang='grc' dir='ltr'><strong><em>ὅσοι</em></strong></span> <span class='ocrx_word' id='word_1_268' title='bbox 1011 3256 1135 3347; x_wconf 71' lang='grc' dir='ltr'><strong><em>μένδή</em></strong></span> 
     </span>
     <span class='ocr_line' id='line_1_33' title="bbox 122 3350 1134 3447; baseline 0.004 -24"><span class='ocrx_word' id='word_1_269' title='bbox 122 3360 220 3425; x_wconf 86' lang='grc' dir='ltr'><strong><em>έσκου</em></strong></span> <span class='ocrx_word' id='word_1_270' title='bbox 250 3350 447 3439; x_wconf 76' lang='grc' dir='ltr'><strong><em>εὐδαίμονες</em></strong></span> <span class='ocrx_word' id='word_1_271' title='bbox 474 3362 543 3423; x_wconf 80' lang='grc' dir='ltr'><strong><em>τῶν</em></strong></span> <span class='ocrx_word' id='word_1_272' title='bbox 569 3362 799 3442; x_wconf 81' lang='grc' dir='ltr'><strong><em>Βαβυλωνίων</em></strong></span> <span class='ocrx_word' id='word_1_273' title='bbox 827 3359 997 3444; x_wconf 73' lang='grc' dir='ltr'><strong><em>ἐπίγαμοι,</em></strong></span> <span class='ocrx_word' id='word_1_274' title='bbox 1030 3354 1134 3447; x_wconf 77' lang='grc' dir='ltr'><strong><em>ὑπερ·</em></strong></span> 
     </span>
    </p>
   </div>
   <div class='ocr_carea' id='block_1_3' title="bbox 0 0 1184 3840">
    <p class='ocr_par' dir='ltr' id='par_1_3' title="bbox 0 0 1184 3840">
     <span class='ocr_line' id='line_1_34' title="bbox 0 0 1184 3840; baseline 0 0"><span class='ocrx_word' id='word_1_275' title='bbox 0 0 1184 3840; x_wconf 95' lang='lat' dir='ltr'><strong><em> </em></strong></span> 
     </span>
    </p>
   </div>
  </div>
 </body>
</html>
