2354 3840
127 204 191 269 ³40
509 215 760 274 HERODOTI

128 395 190 462 σφι
207 374 243 440 ἐκ
262 375 325 437 τῶν
342 369 475 456 ἐρήμων
495 372 674 458 ἐπέπεσον,
697 374 730 451 ἐς
751 370 771 439 δ
790 373 981 460 πιεζόμενοι
998 381 1136 461 οίκησαν

132 464 214 553 μετὰ
228 469 403 534 Βουδίνων
424 464 486 554 τὴν
507 471 642 536 ἑωυτῶν
666 469 866 549 ἐκλιπόντες.
896 472 1136 540 κινδυνεύσων

133 567 169 632 δὲ
189 569 223 631 οί
240 562 417 652 ἅνθρωποι
435 559 529 635 οὗτοι
548 568 666 655 γόητες
688 567 781 637 εἶναι.
815 573 970 655 λέγονται
986 568 1055 656 γάρ
1072 567 1134 639 ὑπό

132 665 301 732 Σκυθέων
317 667 372 733 καί
383 663 552 752 Ἑλλήνων
568 673 637 733 τῶν
651 669 689 735 ἐν
701 674 742 756 τῇ
758 674 918 757 Σκυθικῇ
938 667 1130 753 κατοικημέ·

132 788 203 829 νων
220 759 264 841 ὡς
281 767 370 842 ἔτεος
386 764 528 833 ἑκάστου
542 763 629 847 ἅπαξ
640 774 709 834 τῶν
719 773 866 854 Νευρῶν
880 767 1022 844 ἕκαστος
1038 764 1135 843 λόκος

131 865 258 944 γίνεται
278 857 403 948 ἡμέρας
424 861 536 949 ὀλίγας
558 866 613 933 καὶ
633 858 727 942 αὖτις
747 862 852 932 ὀπίσω
875 866 908 942 ἐς
928 859 1038 931 τόυτδ
1060 876 1136 929 καί·

131 962 268 1025 ίσταται.
292 959 348 1043 ἐμὲ
369 962 431 1046 μέν
450 987 517 1029 νυν
530 969 634 1030 ταῦτα
653 964 806 1048 λέγοντες
822 960 863 1031 οὐ
883 970 1062 1047 πείθουσι,
1084 961 1135 1028 λέ·

66 1078 117 1133 106
132 1077 229 1139 γουσι
241 1058 278 1125 δέ
293 1055 394 1127 οὐδὲν
406 1063 516 1143 ἕσσον,
537 1060 594 1127 καί
617 1057 740 1146 όμνῦσι
765 1059 803 1128 δδ
818 1062 981 1145 λέγοντες.
998 1054 1135 1144 Ἀνδρο-

132 1155 235 1242 φάγοι
258 1158 293 1225 δέ
314 1155 502 1246 ἀγριώτατα
525 1163 663 1230 πάντων
682 1158 877 1248 ἀνθρώπων
904 1163 1019 1244 ἐχουσι
1039 1155 1134 1244 ἤθεα,
1160 1175 1164 1186 “

133 1250 210 1320 οὔτε
225 1260 322 1341 δίκην
337 1265 526 1345 νομίζοντες
541 1259 619 1328 οὔτε
639 1261 732 1351 νόμῳ
744 1256 858 1327 οὐδενί
873 1256 1065 1344 χρεόμενοι,
1080 1279 1135 1323 νο-

130 1354 233 1439 μάδες
251 1356 290 1422 δέ
303 1363 382 1444 είσι,
405 1361 530 1446 ἐσθῆτα
547 1363 583 1427 δέ
599 1361 761 1446 φορέουσι
775 1365 815 1446 τῇ
829 1363 991 1444 Σκυθικῇ
1006 1352 1134 1441 ὁμοίην,

130 1459 287 1536 γλῶσσαν
304 1456 340 1521 δέ
356 1459 445 1542 ἰδίην
461 1463 590 1544 ἔχουσι,
613 1455 945 1543 άνθρωποφαγέουσι
961 1453 998 1520 δέ
1016 1459 1134 1539 μοῦνοι
1151 1520 1155 1527 ,

68 1572 114 1627 ιοη
130 1547 267 1615 τούτων.
312 1553 564 1640 Μελάγχλαινοι
579 1559 616 1622 δέ
634 1558 749 1640 εἵματα
759 1552 821 1638 μὲν
832 1557 958 1637 μέλανα
974 1557 1134 1637 φορέουσι

129 1643 268 1731 πάντες,
291 1644 344 1713 ἐπ’
362 1640 411 1715 τόν
431 1655 487 1718 καλ
506 1650 565 1730 τάς
586 1653 777 1736 ἐπωνυμίας
797 1654 926 1735 ἔχουσι,
948 1649 1086 1734 νόμοισι
1102 1648 1135 1714 δὲ

67 1757 114 1812 108
129 1749 334 1810 Σκυθικοῖσι
346 1748 509 1832 χρέονται.
556 1753 716 1816 Βουδῖνοι
736 1748 772 1814 δέ
790 1751 892 1824 ἔθνος
910 1742 968 1812 ἐόν
982 1749 1069 1832 μέγα
1085 1747 1133 1812 καί

130 1838 257 1908 πολλόν
269 1846 422 1927 γλαυκόν
436 1872 472 1914 τε
483 1853 552 1913 πᾶν
563 1838 706 1933 ίσχυρῶς
720 1845 788 1912 ἐστὶ
801 1844 857 1910 καί
872 1842 1017 1931 πυρρόν.
1043 1843 1133 1919 πόλις

131 1940 167 2005 δέ
181 1942 219 2007 ἐν
229 1938 359 2010 αὐτοῖσι
369 1945 565 2013 πεπόλισται
577 1949 710 2030 ξυλίνη,
727 1939 856 2027 οὕνομα
872 1940 910 2008 δέ
919 1945 960 2028 τῇ
976 1940 1059 2008 πόλι
1073 1938 1132 2006 ἐστὶ

131 2037 302 2116 Γελωνός·
325 2047 386 2106 τοῦ
402 2041 439 2108 δέ
453 2049 575 2128 τείχεος
590 2044 739 2128 μέγαθος
754 2045 865 2106 κάλον
886 2039 1031 2106 ἕκαστον
1045 2035 1131 2123 τριη’-

131 2161 232 2204 κοντα
252 2141 397 2203 σταδίων
418 2141 502 2222 ἐστί,
523 2137 657 2224 ὑψηλόν
679 2139 714 2206 δέ
735 2138 790 2204 καὶ
812 2141 881 2203 πᾶν
904 2134 1063 2220 ξύλινον,
1083 2133 1130 2200 καλ

131 2238 232 2301 οίκίαι
254 2230 366 2300 αὐτῶν
389 2236 520 2314 ξύλιναι
545 2238 600 2304 καί
621 2234 661 2303 τὰ
682 2234 748 2322 ἱρά.
780 2239 849 2301 ἐστι
868 2229 933 2318 γάρ
956 2228 997 2317 δη
1015 2226 1130 2298 αὐτόθι

124 2327 328 2416 Ἑλληνικῶν
338 2339 432 2400 θεῶν
449 2329 505 2419 ίρά
515 2331 714 2419 Ἑλληνικῶς
728 2332 1021 2415 κατεσκευασμένα
1033 2326 1130 2413 ἀγάλ·

132 2436 214 2518 μασί
232 2456 267 2496 τε
287 2434 343 2498 καὶ
357 2438 498 2517 βωμοῖσι
516 2433 571 2499 καί
588 2446 698 2519 νηοῖσι
715 2435 895 2514 ξυλίνοισι,
918 2429 1036 2517 καὶτῷ
1052 2437 1128 2494 Διο-

131 2528 223 2621 νύσῳ
238 2527 479 2616 τριετηρίδας’
458 2530 624 2614 ανάγουσι
640 2533 695 2596 καὶ
709 2526 921 2615 βακχεύουσι.
946 2530 977 2591 εί
963 2520 1063 2591 ίσὶ
1024 2547 1088 2609 γαρ
1102 2522 1129 2586 οί

134 2628 325 2696 Γελωνοί
290 2656 328 2697 το
344 2627 484 2716 ἀρχαῖον
490 2626 702 2713 Έλληνες,’
686 2653 723 2693 εκ
737 2626 774 2692 δέ
790 2649 859 2692 των
877 2625 1047 2708 ἐμπορίων
1061 2623 1128 2698 ἐξα-

130 2724 311 2805 ναστάντες
327 2736 467 2812 οίκησαν
482 2727 519 2792 ἐν
533 2739 619 2793 τοῖσι
633 2727 846 2807 Βουδίνοισι,
868 2723 923 2787 καὶ
943 2717 1078 2805 γλάσση
1093 2711 1127 2781 τά
1170 2732 1173 2808 ,

64 2845 113 2900 09
129 2851 191 2912 μεν
204 2832 380 2914 Σκυθικη,
402 2851 443 2892 τα
465 2826 501 2891 δέ
516 2821 691 2912 Βλληνικῇ
711 2825 872 2909 χρέονται.
915 2823 1079 2886 Βουδῖνοι
1098 2815 1128 2883 δέ
1163 2836 1172 2937 γ

131 2923 172 2992 οὐ
193 2951 233 3014 τη
255 2922 339 3014 αὐτῇ
360 2924 495 3010 γλιόοση
514 2927 666 3008 χρέονται
685 2951 741 2991 και
730 2926 920 2990 Γελωνοί
955 2916 1031 2988 ἀλλ’
1057 2904 1169 2987 οὐδὲΙ
1164 2966 1176 2987 ,.

131 3017 265 3106 δίαιταη
276 3018 362 3107 αὐτη
354 3019 454 3108 ’[ἐστι
464 3015 710 3088 Γελωνοῖσικαί
720 3010 941 3100 Βουδίνοισι]
954 3015 1038 3082 οίέ
997 3042 1021 3101 μ
1038 3040 1061 3082 ν
1071 3037 1176 3109 γαρΙΙΙ

130 3124 288 3188 Βουδῖνοι
306 3119 399 3188 ἐόντε
387 3145 416 3199 ς
432 3116 637 3205 αὐτόχθονες
648 3117 792 3204 νομάδες
802 3116 879 3182 τέεί
866 3119 912 3182 ίσι
922 3115 978 3182 καί
990 3123 1176 3221 φθειροῑΙ
1174 3134 1176 3143 ·

130 3219 307 3303 τραγέουσι
325 3226 446 3304 μοῦνοι
460 3244 529 3285 των
542 3218 664 3306 ταάτη,
686 3215 834 3284 Γελωνοὶ
849 3215 946 3281 δὲ
903 3238 965 3299 γης
976 3239 1014 3281 τε
1034 3200 1176 3303 ἐργά

131 3341 184 3382 ται
210 3318 264 3381 καί
289 3317 466 3402 σιτοφάγοι
491 3319 547 3385 καὶ
572 3340 700 3402 κηπους
718 3311 921 3401 κεκτημένοι,
947 3309 1110 3380 οὐδὲν
1074 3340 1133 3402 την

132 3409 252 3496 ἐδίην’
239 3425 348 3496 ομοῖοι
365 3411 492 3482 οὐδὲ
457 3440 495 3482 το
509 3439 633 3500 χρωμα.
664 3409 731 3482 ὑπό
753 3413 867 3494 μέντοι
882 3408 1055 3498 Ἑλλήνων
1075 3440 1134 3482 κα·
1171 3478 1176 3505 ÷
