2354 3840
231 215 316 272 ιιτ.
348 216 392 271 ιο.
427 213 528 270 σεο.
563 218 734 273 ιοι-ιοε.
923 207 985 274 277

42 392 74 435 ιι·
86 366 254 457 ὑπάρχον,
271 369 307 449 ὅς
319 374 353 437 οί
363 366 514 437 ὠνείδισε
528 365 567 436 τά
584 371 615 447 ές
626 369 844 455 Πολυκράτεα
856 375 984 456 ἔχοντα,

42 466 64 535 ’δι
90 470 126 536 δέ
146 475 207 536 τοῦ
223 467 446 554 Μιτροβάτεω
468 464 529 534 τδν
551 471 652 534 παῖδα
674 467 899 554 Κρανάσπην,
922 464 985 535 άν-

42 592 62 644 τς
79 568 117 633 έν
132 567 281 653 Πέρσησι
303 570 478 650 δοκίμους,
509 562 593 633 άλλα
613 590 648 630 τε
670 564 822 650 ἐξύβρισε
843 576 984 631 παντοία

46 687 121 728 τινα
134 655 381 746 άγγελιηφόρον
395 663 545 745 Δαρείου
561 657 705 728 ἐλθόντα
718 657 799 748 παρ’
816 655 983 744 αότόν,ὑς

42 756 125 843 πρὸς
148 755 278 845 ἡδονήν
304 763 338 825 οἱ
359 752 405 844 ἦν
432 755 473 824 τά
499 754 744 846 άγγελλόμενα,
775 768 897 830 κτείνει
924 786 983 846 μιν

42 877 84 923 τω
119 857 340 943 κομιζόμενον
374 855 501 939 ἄνδρας
531 862 567 926 οί
600 855 740 938 ὑπείσας
771 859 844 928 κατ’
881 859 980 948 ὁδόν,

45 963 176 1034 κτείνας
205 959 244 1024 δέ
260 983 319 1043 μιν
338 954 484 1042 ἠφάνισε
514 954 604 1046 αὐτῷ
626 960 726 1048 ίππφ.
778 969 922 1047 Δαρεῖος
944 963 980 1028 δὲ
998 981 1047 1037 127

47 1061 121 1141 ἔσχε
148 1053 210 1142 τὴν
234 1053 358 1141 άρχην,
385 1054 550 1140 ἐπεθύμεε
578 1052 638 1122 τὸν
655 1053 807 1144 Ὀροίτην
824 1065 981 1126 τίσασθαι

42 1180 115 1221 των
135 1179 170 1220 τε
194 1159 261 1221 τῶν
283 1151 497 1238 ἀδικημάτων
515 1155 644 1219 ε’ίνεκεν
667 1154 724 1220 καὶ
743 1152 884 1238 μάλιστα
908 1162 980 1222 Μι-

42 1250 145 1319 βάτεω
163 1253 294 1318 καὶτοῦ
312 1250 438 1328 παιδός.
463 1252 499 1317 ἐκ
514 1250 577 1334 μέν
594 1246 634 1335 δὴ
651 1256 708 1335 τῆς
727 1253 822 1335 ίθέης
837 1249 980 1337 στρατόν

43 1345 149 1415 αὑτὸν
166 1344 228 1414 οὑκ
241 1346 353 1414 ἐδόκεε
367 1349 511 1432 πέμπειν
525 1343 583 1412 ότε
599 1351 634 1414 οί
653 1347 833 1414 οἰδεόντων
851 1353 897 1416 έτι
911 1355 979 1415 τῶν

42 1445 199 1530 γμάτων,
232 1447 288 1511 καλ
317 1446 436 1512 νεωστὶ
463 1449 548 1531 ἔχων
581 1441 643 1531 τὴν
674 1442 796 1533 ἀρχὴν,
830 1449 885 1514 καὶ
919 1445 979 1514 τόν

42 1551 125 1629 ιίτην
141 1543 291 1628 μεγάλην
306 1540 368 1628 τὴν
390 1538 488 1628 ίσχὺν
510 1542 770 1628 πυνθανόμενος
794 1549 897 1631 ἔχειν,
919 1543 980 1613 τὸν

42 1664 74 1706 οι
90 1643 153 1726 μὲν
166 1643 327 1726 Περσέων
348 1639 599 1728 ἐδορυφόρεον,
615 1639 679 1726 εἶχε
695 1643 731 1709 δέ
746 1641 854 1729 νομδν
867 1643 928 1712 τόν
942 1669 978 1711 τε

42 1738 131 1823 ίγιον
152 1741 207 1805 καὶ
222 1741 353 1808 Λόδιου
376 1742 431 1807 καὶ
449 1738 607 1808 Ἰωνικόν.
637 1737 722 1827 πρός
736 1747 840 1808 ταῦτα
865 1740 905 1829 δὴ
928 1736 977 1810 όν

42 1847 163 1921 λαρείος
196 1839 276 1906 τάδε
305 1838 547 1924 ἐμηχανήσατο·
582 1838 788 1921 συγκαλέσας
818 1842 977 1928 Περσέων

42 1961 53 2013 ς
75 1937 325 2023 δοκιμωτάτους
347 1939 440 2021 ἔλεγέ
461 1956 522 2020 σφι
537 1936 633 2001 τάδε·
651 1928 690 2000 Ὠ
704 1938 849 2022 Πέρσαι,
867 1944 916 2015 τίς
933 1937 977 2005 άν

55 2041 155 2104 τοῦτο
180 2035 294 2122 ὑμέων
321 2031 468 2111 ὑποστάς
493 2035 688 2101 ἐπιτελέσειε
717 2039 819 2122 σοφίη
848 2037 903 2102 καὶ
930 2034 975 2122 μὴ

53 2156 90 2198 τε
114 2137 169 2200 καί
196 2131 317 2224 ὁμίλφς
342 2138 428 2199 ἔνθα
448 2128 513 2217 γάρ
534 2136 653 2218 σοφίης
670 2135 754 2217 δέει,
779 2139 854 2220 βίης
875 2139 976 2223 ἔργον

42 2232 85 2300 έν.
109 2231 222 2319 ὑμέων
237 2230 277 2318 δὴ
294 2225 343 2298 οὑν
357 2236 405 2309 τίς
421 2228 465 2297 άν
479 2256 536 2315 μοι
549 2227 699 2317 Ὀροίτην
713 2225 736 2317 ἢ
752 2231 876 2311 ζωοντα
890 2231 975 2320 άγά·

43 2328 303 2420 η’άποκτείνειε;
329 2327 365 2408 ὃς
388 2325 537 2414 ὠφέλησε
563 2329 625 2413 μέν
647 2352 695 2394 κω
711 2329 843 2416 Πέρσας
862 2327 974 2418 οὐδέν,

42 2430 60 2496 ά
84 2430 120 2497 δέ
135 2429 261 2516 μεγάλα
277 2435 388 2513 ἔοργε·
433 2432 531 2493 τοῦτο
545 2426 608 2511 μὲν
622 2424 684 2495 δύο
698 2421 811 2513 ἡμέων
821 2425 973 2515 ἠίστωσε,

42 2529 195 2617 τροβάτην
218 2554 253 2595 τε
278 2529 333 2594 καλ
361 2526 420 2594 τὸν
450 2526 551 2591 παῖδα
566 2521 688 2610 αὑτοῦ,
716 2531 814 2592 τοῦτο
837 2527 873 2593 δέ
894 2524 974 2606 τούς

41 2629 219 2705 καλέοντας
248 2624 352 2694 αὑτὸν
373 2627 427 2693 καὶ
450 2626 681 2711 πεμπομένους
702 2622 760 2692 ὑπ’
780 2628 859 2714 ἐμεῦ
886 2637 974 2698 κτεί-

42 2725 163 2814 ,ὑβριυ
187 2723 250 2792 οὐκ
272 2721 456 2808 άνάσχετου
474 2731 618 2808 φαίνων.
658 2731 738 2811 πρίν
759 2730 790 2791 ’τι
809 2717 858 2792 όν
874 2728 973 2812 μέζον
1045 2762 1048 2768 ·

42 2823 220 2910 ιγάσασθαί
250 2847 308 2908 μιν
335 2824 466 2905 Πέρσας
493 2815 610 2905 κακόν,
631 2826 877 2907 καταλαμπτέος
906 2825 973 2891 ἐστὶ

42 2917 216 3008 νθανάτφ.
275 2928 419 3004 Δαρεῖος
441 2919 503 3002 μέν
523 2923 627 2985 ταῦτα
647 2918 825 3005 ἐπειρώτα,
864 2925 913 3009 τῷ
938 2919 974 2988 δέ
991 2937 1040 2992 128

42 3044 94 3103 ρες
120 3017 298 3106 τριήκοντα
320 3014 528 3104 ὑπέστησαν,
556 3014 656 3097 αὑτὸς
680 3019 816 3097 ἕκαστος
844 3021 973 3088 ἐθέλων

42 3118 102 3181 έειυ
116 3123 228 3182 ταῦτα
263 3117 429 3199 ἐρίζοντας
452 3115 487 3184 δέ
502 3126 646 3203 Δαρεῖος
669 3115 898 3206 κατελάμβανε
919 3143 964 3187 κε

42 3238 84 3277 ων
99 3211 304 3280 πάλλεσθαι·
325 3215 545 3298 ’παλλομένων
565 3216 601 3281 δέ
615 3214 772 3300 λαγχάνει
789 3218 825 3283 ἐκ
839 3217 977 3285 πάντων

42 3321 119 3385 ναίος
133 3305 350 3393 ὁἈρτόντεω.
367 3306 479 3394 λαχών
491 3313 527 3379 δὲ
541 3308 559 3378 ὁ
573 3319 717 3396 Βαγαῖος
731 3313 835 3380 ποιέει
846 3314 974 3382 τοιάδε·

42 3415 86 3474 λία
103 3406 319 3490 γραψάμενος
336 3407 445 3478 πολλὰ
461 3414 515 3480 καὶ
527 3414 604 3496 περὶ
613 3418 747 3486 πολλῶν
774 3411 875 3479 έόυτυ
891 3439 983 3498 W?

1019 3546 1032 3607 ²³.
