<?xml version="1.0" encoding="UTF-8"?>
<!DOCTYPE html PUBLIC "-//W3C//DTD XHTML 1.0 Transitional//EN"
    "http://www.w3.org/TR/xhtml1/DTD/xhtml1-transitional.dtd">
<html xmlns="http://www.w3.org/1999/xhtml" xml:lang="en" lang="en">
 <head>
  <title>
</title>
<meta http-equiv="Content-Type" content="text/html;charset=utf-8" />
  <meta name='ocr-system' content='tesseract 3.04.00' />
  <meta name='ocr-capabilities' content='ocr_page ocr_carea ocr_par ocr_line ocrx_word'/>
</head>
<body>
  <div class='ocr_page' id='page_1' title='image "./herodotihistori03herogoog_0237.png"; bbox 0 0 2354 3840; ppageno 0'>
   <div class='ocr_carea' id='block_1_1' title="bbox 138 217 758 282">
    <p class='ocr_par' dir='ltr' id='par_1_1' title="bbox 138 217 758 282">
     <span class='ocr_line' id='line_1_1' title="bbox 138 217 758 282; baseline -0.018 -1"><span class='ocrx_word' id='word_1_1' title='bbox 138 219 200 282; x_wconf 73' lang='lat'><em>212</em></span> <span class='ocrx_word' id='word_1_2' title='bbox 506 217 758 275; x_wconf 77' lang='lat' dir='ltr'>HERODOTI</span> 
     </span>
    </p>
   </div>
   <div class='ocr_carea' id='block_1_2' title="bbox 107 369 1148 2922">
    <p class='ocr_par' dir='ltr' id='par_1_2' title="bbox 107 369 1148 2922">
     <span class='ocr_line' id='line_1_2' title="bbox 135 369 1148 468; baseline -0.007 -20"><span class='ocrx_word' id='word_1_3' title='bbox 135 382 276 468; x_wconf 88' lang='grc' dir='ltr'><em>γατέρα,</em></span> <span class='ocrx_word' id='word_1_4' title='bbox 297 383 354 445; x_wconf 83' lang='grc' dir='ltr'><em>ίνο</em></span> <span class='ocrx_word' id='word_1_5' title='bbox 376 371 398 464; x_wconf 80' lang='grc' dir='ltr'><strong><em>ἢ</em></strong></span> <span class='ocrx_word' id='word_1_6' title='bbox 422 373 502 454; x_wconf 81' lang='grc' dir='ltr'><em>δούς</em></span> <span class='ocrx_word' id='word_1_7' title='bbox 523 372 645 463; x_wconf 77' lang='grc' dir='ltr'><em>ἀνιῷτο</em></span> <span class='ocrx_word' id='word_1_8' title='bbox 666 369 748 459; x_wconf 82' lang='grc' dir='ltr'><em>ήμή</em></span> <span class='ocrx_word' id='word_1_9' title='bbox 772 370 854 453; x_wconf 80' lang='grc' dir='ltr'><em>δούς</em></span> <span class='ocrx_word' id='word_1_10' title='bbox 873 376 1044 462; x_wconf 76' lang='grc' dir='ltr'><strong><em>Καμβύσῃ</em></strong></span> <span class='ocrx_word' id='word_1_11' title='bbox 1065 371 1148 442; x_wconf 84' lang='grc' dir='ltr'><em>ἀπέ-</em></span> 
     </span>
     <span class='ocr_line' id='line_1_3' title="bbox 137 468 1147 563; baseline -0.006 -18"><span class='ocrx_word' id='word_1_12' title='bbox 137 488 263 563; x_wconf 84' lang='grc' dir='ltr'><em>χθοιτο.</em></span> <span class='ocrx_word' id='word_1_13' title='bbox 286 472 304 543; x_wconf 84' lang='grc' dir='ltr'><strong>ὁ</strong></span> <span class='ocrx_word' id='word_1_14' title='bbox 317 475 353 542; x_wconf 75' lang='grc' dir='ltr'><em>δέ</em></span> <span class='ocrx_word' id='word_1_15' title='bbox 361 474 500 560; x_wconf 76' lang='grc' dir='ltr'><em>’Ἀμασις</em></span> <span class='ocrx_word' id='word_1_16' title='bbox 511 478 551 560; x_wconf 80' lang='grc' dir='ltr'><em>τῇ</em></span> <span class='ocrx_word' id='word_1_17' title='bbox 566 470 691 556; x_wconf 95' lang='grc' dir='ltr'><em>δυνάμι</em></span> <span class='ocrx_word' id='word_1_18' title='bbox 704 478 772 539; x_wconf 77' lang='grc' dir='ltr'><em>τῶν</em></span> <span class='ocrx_word' id='word_1_19' title='bbox 782 473 942 559; x_wconf 85' lang='grc' dir='ltr'><em>Περσέων</em></span> <span class='ocrx_word' id='word_1_20' title='bbox 955 468 1147 558; x_wconf 81' lang='grc' dir='ltr'><em>ἀχθόμενος</em></span> 
     </span>
     <span class='ocr_line' id='line_1_4' title="bbox 137 567 1145 661; baseline -0.007 -18"><span class='ocrx_word' id='word_1_21' title='bbox 137 579 193 644; x_wconf 84' lang='grc' dir='ltr'><em>καὶ</em></span> <span class='ocrx_word' id='word_1_22' title='bbox 214 573 394 661; x_wconf 76' lang='grc' dir='ltr'><em>ἀρρωδέων</em></span> <span class='ocrx_word' id='word_1_23' title='bbox 416 569 479 638; x_wconf 88' lang='grc' dir='ltr'><em>ούκ</em></span> <span class='ocrx_word' id='word_1_24' title='bbox 500 569 564 655; x_wconf 84' lang='grc' dir='ltr'><em>εἶχε</em></span> <span class='ocrx_word' id='word_1_25' title='bbox 585 567 663 636; x_wconf 83' lang='grc' dir='ltr'><em>οὕτε</em></span> <span class='ocrx_word' id='word_1_26' title='bbox 678 573 798 636; x_wconf 87' lang='grc' dir='ltr'><em>δοῦναι</em></span> <span class='ocrx_word' id='word_1_27' title='bbox 813 567 890 636; x_wconf 76' lang='grc' dir='ltr'><em>οὔτε</em></span> <span class='ocrx_word' id='word_1_28' title='bbox 913 567 1145 657; x_wconf 76' lang='grc' dir='ltr'><em>ἀρνήσασθαι·</em></span> 
     </span>
     <span class='ocr_line' id='line_1_5' title="bbox 139 664 1146 759; baseline -0.007 -19"><span class='ocrx_word' id='word_1_29' title='bbox 139 666 178 740; x_wconf 77' lang='grc' dir='ltr'><em>εὖ</em></span> <span class='ocrx_word' id='word_1_30' title='bbox 192 672 258 759; x_wconf 87' lang='grc' dir='ltr'><em>γάρ</em></span> <span class='ocrx_word' id='word_1_31' title='bbox 273 669 449 759; x_wconf 87' lang='grc' dir='ltr'><em>ήπίσποιτο,</em></span> <span class='ocrx_word' id='word_1_32' title='bbox 473 668 524 736; x_wconf 86' lang='grc' dir='ltr'><em>ὅτι</em></span> <span class='ocrx_word' id='word_1_33' title='bbox 545 665 609 736; x_wconf 86' lang='grc' dir='ltr'><em>οάκ</em></span> <span class='ocrx_word' id='word_1_34' title='bbox 627 664 671 745; x_wconf 82' lang='grc' dir='ltr'><em>ὡς</em></span> <span class='ocrx_word' id='word_1_35' title='bbox 685 667 831 752; x_wconf 81' lang='grc' dir='ltr'><em>γυναῖκά</em></span> <span class='ocrx_word' id='word_1_36' title='bbox 844 692 904 752; x_wconf 88' lang='grc' dir='ltr'><em>μιν</em></span> <span class='ocrx_word' id='word_1_37' title='bbox 918 672 1035 753; x_wconf 82' lang='grc' dir='ltr'><em>ἔμελλε</em></span> <span class='ocrx_word' id='word_1_38' title='bbox 1049 674 1146 753; x_wconf 85' lang='grc' dir='ltr'><em>Καμ-</em></span> 
     </span>
     <span class='ocr_line' id='line_1_6' title="bbox 137 762 1145 858; baseline -0.004 -22"><span class='ocrx_word' id='word_1_39' title='bbox 137 770 243 858; x_wconf 87' lang='grc' dir='ltr'><em>βύσης</em></span> <span class='ocrx_word' id='word_1_40' title='bbox 258 772 360 855; x_wconf 73' lang='grc' dir='ltr'><em>ἕξειν,</em></span> <span class='ocrx_word' id='word_1_41' title='bbox 376 765 444 836; x_wconf 92' lang='grc' dir='ltr'><em>ἀλλ’</em></span> <span class='ocrx_word' id='word_1_42' title='bbox 459 763 502 846; x_wconf 84' lang='grc' dir='ltr'><em>ἀς</em></span> <span class='ocrx_word' id='word_1_43' title='bbox 512 765 696 852; x_wconf 89' lang='grc' dir='ltr'><em>παλλακήν.</em></span> <span class='ocrx_word' id='word_1_44' title='bbox 718 772 822 833; x_wconf 84' lang='grc' dir='ltr'><em>ταῦτα</em></span> <span class='ocrx_word' id='word_1_45' title='bbox 838 762 878 851; x_wconf 84' lang='grc' dir='ltr'><em>δή</em></span> <span class='ocrx_word' id='word_1_46' title='bbox 895 765 1145 854; x_wconf 76' lang='grc' dir='ltr'><em>ἐκλογιζόμενος</em></span> 
     </span>
     <span class='ocr_line' id='line_1_7' title="bbox 138 858 1145 952; baseline -0.001 -19"><span class='ocrx_word' id='word_1_47' title='bbox 138 869 271 952; x_wconf 85' lang='grc' dir='ltr'><em>ἐποίησε</em></span> <span class='ocrx_word' id='word_1_48' title='bbox 286 866 381 934; x_wconf 90' lang='grc' dir='ltr'><em>τάδε·</em></span> <span class='ocrx_word' id='word_1_49' title='bbox 404 858 448 952; x_wconf 85' lang='grc' dir='ltr'><em>ἦν</em></span> <span class='ocrx_word' id='word_1_50' title='bbox 462 863 601 951; x_wconf 79' lang='grc' dir='ltr'><em>Ἀπρίεω</em></span> <span class='ocrx_word' id='word_1_51' title='bbox 611 869 672 930; x_wconf 81' lang='grc' dir='ltr'><em>που</em></span> <span class='ocrx_word' id='word_1_52' title='bbox 684 865 850 948; x_wconf 77' lang='grc' dir='ltr'><em>προτέρου</em></span> <span class='ocrx_word' id='word_1_53' title='bbox 862 867 1018 949; x_wconf 75' lang='grc' dir='ltr'><em>βασιλέος</em></span> <span class='ocrx_word' id='word_1_54' title='bbox 1031 864 1145 950; x_wconf 84' lang='grc' dir='ltr'><em>θυγά-</em></span> 
     </span>
     <span class='ocr_line' id='line_1_8' title="bbox 137 956 1144 1052; baseline -0.001 -22"><span class='ocrx_word' id='word_1_55' title='bbox 137 989 199 1052; x_wconf 91' lang='grc' dir='ltr'><em>τηρ</em></span> <span class='ocrx_word' id='word_1_56' title='bbox 215 964 321 1046; x_wconf 85' lang='grc' dir='ltr'><em>κάρτα</em></span> <span class='ocrx_word' id='word_1_57' title='bbox 335 963 461 1048; x_wconf 89' lang='grc' dir='ltr'><em>μεγάλη</em></span> <span class='ocrx_word' id='word_1_58' title='bbox 479 988 514 1029; x_wconf 91' lang='grc' dir='ltr'><em>τε</em></span> <span class='ocrx_word' id='word_1_59' title='bbox 531 964 587 1028; x_wconf 83' lang='grc' dir='ltr'><em>καὶ</em></span> <span class='ocrx_word' id='word_1_60' title='bbox 601 956 748 1045; x_wconf 81' lang='grc' dir='ltr'><em>εὐειδής,</em></span> <span class='ocrx_word' id='word_1_61' title='bbox 771 960 881 1045; x_wconf 84' lang='grc' dir='ltr'><em>μούνη</em></span> <span class='ocrx_word' id='word_1_62' title='bbox 898 966 960 1026; x_wconf 80' lang='grc' dir='ltr'><em>τοῦ</em></span> <span class='ocrx_word' id='word_1_63' title='bbox 973 961 1073 1029; x_wconf 75' lang='grc' dir='ltr'><em>οἴκου</em></span> <span class='ocrx_word' id='word_1_64' title='bbox 1090 968 1144 1029; x_wconf 87' lang='grc' dir='ltr'><em>λε-</em></span> 
     </span>
     <span class='ocr_line' id='line_1_9' title="bbox 138 1055 1144 1150; baseline -0.006 -18"><span class='ocrx_word' id='word_1_65' title='bbox 138 1068 308 1150; x_wconf 88' lang='grc' dir='ltr'><em>λειμμένη,</em></span> <span class='ocrx_word' id='word_1_66' title='bbox 322 1061 451 1149; x_wconf 77' lang='grc' dir='ltr'><em>οὔνομα</em></span> <span class='ocrx_word' id='word_1_67' title='bbox 463 1065 503 1130; x_wconf 89' lang='grc' dir='ltr'><em>δέ</em></span> <span class='ocrx_word' id='word_1_68' title='bbox 510 1067 544 1130; x_wconf 93' lang='grc' dir='ltr'><em>οί</em></span> <span class='ocrx_word' id='word_1_69' title='bbox 552 1055 597 1148; x_wconf 83' lang='grc' dir='ltr'><em>ἦν</em></span> <span class='ocrx_word' id='word_1_70' title='bbox 607 1066 751 1145; x_wconf 78' lang='grc' dir='ltr'><em>Νίτητις.</em></span> <span class='ocrx_word' id='word_1_71' title='bbox 774 1057 901 1145; x_wconf 88' lang='grc' dir='ltr'><em>ταύτην</em></span> <span class='ocrx_word' id='word_1_72' title='bbox 916 1056 956 1146; x_wconf 85' lang='grc' dir='ltr'><em>δή</em></span> <span class='ocrx_word' id='word_1_73' title='bbox 968 1057 1032 1147; x_wconf 82' lang='grc' dir='ltr'><em>τήν</em></span> <span class='ocrx_word' id='word_1_74' title='bbox 1042 1064 1144 1130; x_wconf 78' lang='grc' dir='ltr'><em>παῖδα</em></span> 
     </span>
     <span class='ocr_line' id='line_1_10' title="bbox 137 1153 1144 1248; baseline -0.004 -18"><span class='ocrx_word' id='word_1_75' title='bbox 137 1160 155 1230; x_wconf 87' lang='grc' dir='ltr'>ὁ</span> <span class='ocrx_word' id='word_1_76' title='bbox 175 1159 314 1248; x_wconf 76' lang='grc' dir='ltr'><em>’Ἀμασις</em></span> <span class='ocrx_word' id='word_1_77' title='bbox 334 1161 503 1248; x_wconf 82' lang='grc' dir='ltr'><em>κοσμήσας</em></span> <span class='ocrx_word' id='word_1_78' title='bbox 522 1162 642 1246; x_wconf 87' lang='grc' dir='ltr'><em>έσθήτί</em></span> <span class='ocrx_word' id='word_1_79' title='bbox 653 1182 688 1225; x_wconf 90' lang='grc' dir='ltr'><em>τε</em></span> <span class='ocrx_word' id='word_1_80' title='bbox 707 1159 763 1224; x_wconf 80' lang='grc' dir='ltr'><em>καί</em></span> <span class='ocrx_word' id='word_1_81' title='bbox 781 1163 895 1248; x_wconf 77' lang='grc' dir='ltr'><em>χρυσῷ</em></span> <span class='ocrx_word' id='word_1_82' title='bbox 908 1153 1099 1245; x_wconf 90' lang='grc' dir='ltr'><em>ἀποπέμπει</em></span> <span class='ocrx_word' id='word_1_83' title='bbox 1113 1161 1144 1237; x_wconf 84' lang='grc' dir='ltr'><em>ές</em></span> 
     </span>
     <span class='ocr_line' id='line_1_11' title="bbox 136 1253 1143 1345; baseline -0.001 -19"><span class='ocrx_word' id='word_1_84' title='bbox 136 1260 268 1345; x_wconf 85' lang='grc' dir='ltr'><em>Πέρσας</em></span> <span class='ocrx_word' id='word_1_85' title='bbox 290 1255 334 1336; x_wconf 82' lang='grc' dir='ltr'><em>ὡς</em></span> <span class='ocrx_word' id='word_1_86' title='bbox 350 1262 476 1326; x_wconf 78' lang='grc' dir='ltr'><em>ἑωυτοῦ</em></span> <span class='ocrx_word' id='word_1_87' title='bbox 494 1259 675 1343; x_wconf 84' lang='grc' dir='ltr'><em>θυγατέρα.</em></span> <span class='ocrx_word' id='word_1_88' title='bbox 707 1253 788 1340; x_wconf 89' lang='grc' dir='ltr'><em>μετά</em></span> <span class='ocrx_word' id='word_1_89' title='bbox 807 1257 843 1322; x_wconf 76' lang='grc' dir='ltr'><em>δὲ</em></span> <span class='ocrx_word' id='word_1_90' title='bbox 865 1256 991 1344; x_wconf 84' lang='grc' dir='ltr'><em>χρόνον</em></span> <span class='ocrx_word' id='word_1_91' title='bbox 1015 1255 1062 1336; x_wconf 75' lang='grc' dir='ltr'><em>ὥς</em></span> <span class='ocrx_word' id='word_1_92' title='bbox 1085 1283 1143 1344; x_wconf 90' lang='grc' dir='ltr'><em>μιν</em></span> 
     </span>
     <span class='ocr_line' id='line_1_12' title="bbox 138 1352 1142 1444; baseline 0.001 -20"><span class='ocrx_word' id='word_1_93' title='bbox 138 1355 299 1444; x_wconf 78' lang='grc' dir='ltr'><em>ήσπάζετο</em></span> <span class='ocrx_word' id='word_1_94' title='bbox 323 1357 496 1443; x_wconf 78' lang='grc' dir='ltr'><em>πατρόθεν</em></span> <span class='ocrx_word' id='word_1_95' title='bbox 523 1353 736 1441; x_wconf 77' lang='grc' dir='ltr'><em>οὐνομάζων,</em></span> <span class='ocrx_word' id='word_1_96' title='bbox 770 1356 858 1441; x_wconf 88' lang='grc' dir='ltr'><em>λέγει</em></span> <span class='ocrx_word' id='word_1_97' title='bbox 883 1352 968 1442; x_wconf 83' lang='grc' dir='ltr'><em>πρός</em></span> <span class='ocrx_word' id='word_1_98' title='bbox 992 1354 1142 1443; x_wconf 81' lang='grc' dir='ltr'><em>αότόνή</em></span> 
     </span>
     <span class='ocr_line' id='line_1_13' title="bbox 138 1447 1143 1542; baseline 0.002 -22"><span class='ocrx_word' id='word_1_99' title='bbox 138 1467 230 1530; x_wconf 84' lang='grc' dir='ltr'><em>παῖς·</em></span> <span class='ocrx_word' id='word_1_100' title='bbox 258 1447 298 1520; x_wconf 72' lang='grc' dir='ltr'><em>Ὠ</em></span> <span class='ocrx_word' id='word_1_101' title='bbox 312 1462 461 1540; x_wconf 86' lang='grc' dir='ltr'><em>βασιλεύ,</em></span> <span class='ocrx_word' id='word_1_102' title='bbox 478 1453 736 1541; x_wconf 77' lang='grc' dir='ltr'><em>διαβεβλημένος</em></span> <span class='ocrx_word' id='word_1_103' title='bbox 751 1450 818 1518; x_wconf 84' lang='grc' dir='ltr'><em>ὑπὸ</em></span> <span class='ocrx_word' id='word_1_104' title='bbox 831 1451 985 1539; x_wconf 78' lang='grc' dir='ltr'><em>Ἀμάσιος</em></span> <span class='ocrx_word' id='word_1_105' title='bbox 1000 1451 1043 1522; x_wconf 86' lang='grc' dir='ltr'><em>οά</em></span> <span class='ocrx_word' id='word_1_106' title='bbox 1057 1481 1143 1542; x_wconf 88' lang='grc' dir='ltr'><em>μαν-</em></span> 
     </span>
     <span class='ocr_line' id='line_1_14' title="bbox 137 1547 1140 1642; baseline 0.003 -23"><span class='ocrx_word' id='word_1_107' title='bbox 137 1552 274 1634; x_wconf 86' lang='grc' dir='ltr'><em>θάνεις,</em></span> <span class='ocrx_word' id='word_1_108' title='bbox 296 1548 333 1628; x_wconf 88' lang='grc' dir='ltr'><em>δς</em></span> <span class='ocrx_word' id='word_1_109' title='bbox 347 1552 405 1636; x_wconf 83' lang='grc' dir='ltr'><em>έμέ</em></span> <span class='ocrx_word' id='word_1_110' title='bbox 418 1571 471 1618; x_wconf 95' lang='grc' dir='ltr'><em>σοι</em></span> <span class='ocrx_word' id='word_1_111' title='bbox 492 1552 606 1642; x_wconf 77' lang='grc' dir='ltr'><em>κόσμῳ</em></span> <span class='ocrx_word' id='word_1_112' title='bbox 622 1549 768 1636; x_wconf 84' lang='grc' dir='ltr'><em>ἀσκήσας</em></span> <span class='ocrx_word' id='word_1_113' title='bbox 783 1547 973 1640; x_wconf 83' lang='grc' dir='ltr'><em>ἀπέπεμψε,</em></span> <span class='ocrx_word' id='word_1_114' title='bbox 997 1551 1042 1634; x_wconf 82' lang='grc' dir='ltr'><em>ὡς</em></span> <span class='ocrx_word' id='word_1_115' title='bbox 1055 1557 1140 1622; x_wconf 82' lang='grc' dir='ltr'><em>έων-</em></span> 
     </span>
     <span class='ocr_line' id='line_1_15' title="bbox 137 1646 1137 1740; baseline 0.002 -22"><span class='ocrx_word' id='word_1_116' title='bbox 137 1656 198 1718; x_wconf 86' lang='grc' dir='ltr'><em>τοῦ</em></span> <span class='ocrx_word' id='word_1_117' title='bbox 219 1652 391 1735; x_wconf 76' lang='grc' dir='ltr'><em>θυγατέρα</em></span> <span class='ocrx_word' id='word_1_118' title='bbox 412 1647 527 1727; x_wconf 82' lang='grc' dir='ltr'><em>διδοὺς</em></span> <span class='ocrx_word' id='word_1_119' title='bbox 544 1653 667 1717; x_wconf 87' lang='grc' dir='ltr'><em>έοῦσαν</em></span> <span class='ocrx_word' id='word_1_120' title='bbox 687 1656 727 1734; x_wconf 82' lang='grc' dir='ltr'><em>πή</em></span> <span class='ocrx_word' id='word_1_121' title='bbox 742 1646 885 1737; x_wconf 80' lang='grc' dir='ltr'><em>ἀληθείη</em></span> <span class='ocrx_word' id='word_1_122' title='bbox 901 1647 1060 1740; x_wconf 83' lang='grc' dir='ltr'><em>Ἀπρίεω,</em></span> <span class='ocrx_word' id='word_1_123' title='bbox 1081 1650 1137 1720; x_wconf 86' lang='grc' dir='ltr'><em>τὸν</em></span> 
     </span>
     <span class='ocr_line' id='line_1_16' title="bbox 139 1747 1138 1836; baseline 0.004 -18"><span class='ocrx_word' id='word_1_124' title='bbox 139 1753 265 1827; x_wconf 87' lang='grc' dir='ltr'><em>έκείνος</em></span> <span class='ocrx_word' id='word_1_125' title='bbox 280 1749 378 1816; x_wconf 79' lang='grc' dir='ltr'><em>ἐόντα</em></span> <span class='ocrx_word' id='word_1_126' title='bbox 396 1751 524 1816; x_wconf 83' lang='grc' dir='ltr'><em>ἑωυτοῦ</em></span> <span class='ocrx_word' id='word_1_127' title='bbox 541 1752 708 1836; x_wconf 87' lang='grc' dir='ltr'><em>δεσπότην</em></span> <span class='ocrx_word' id='word_1_128' title='bbox 717 1747 790 1836; x_wconf 91' lang='grc' dir='ltr'><em>μετ’</em></span> <span class='ocrx_word' id='word_1_129' title='bbox 805 1756 1000 1836; x_wconf 77' lang='grc' dir='ltr'><em>Αἰγυπτίων</em></span> <span class='ocrx_word' id='word_1_130' title='bbox 1016 1755 1138 1822; x_wconf 89' lang='grc' dir='ltr'><em>έπανα-</em></span> 
     </span>
     <span class='ocr_line' id='line_1_17' title="bbox 137 1847 1138 1942; baseline 0.004 -22"><span class='ocrx_word' id='word_1_131' title='bbox 137 1849 218 1930; x_wconf 90' lang='grc' dir='ltr'><em>στάς</em></span> <span class='ocrx_word' id='word_1_132' title='bbox 244 1850 417 1936; x_wconf 78' lang='grc' dir='ltr'><em>ἐφόνευσε.</em></span> <span class='ocrx_word' id='word_1_133' title='bbox 466 1857 573 1918; x_wconf 84' lang='grc' dir='ltr'><em>Τοῦτο</em></span> <span class='ocrx_word' id='word_1_134' title='bbox 597 1851 638 1937; x_wconf 88' lang='grc' dir='ltr'><em>δή</em></span> <span class='ocrx_word' id='word_1_135' title='bbox 665 1847 701 1918; x_wconf 77' lang='grc' dir='ltr'><em>τὸ</em></span> <span class='ocrx_word' id='word_1_136' title='bbox 726 1856 804 1930; x_wconf 79' lang='grc' dir='ltr'><em>ἔπος</em></span> <span class='ocrx_word' id='word_1_137' title='bbox 828 1854 885 1920; x_wconf 84' lang='grc' dir='ltr'><em>καί</em></span> <span class='ocrx_word' id='word_1_138' title='bbox 906 1852 992 1939; x_wconf 82' lang='grc' dir='ltr'><em>αὕτη</em></span> <span class='ocrx_word' id='word_1_139' title='bbox 1012 1851 1034 1942; x_wconf 84' lang='grc' dir='ltr'><em>ή</em></span> <span class='ocrx_word' id='word_1_140' title='bbox 1057 1861 1138 1942; x_wconf 89' lang='grc' dir='ltr'><em>αἰτίη</em></span> 
     </span>
     <span class='ocr_line' id='line_1_18' title="bbox 137 1945 1136 2037; baseline 0.004 -21"><span class='ocrx_word' id='word_1_141' title='bbox 137 1949 338 2034; x_wconf 81' lang='grc' dir='ltr'><em>ἐγγενομένη</em></span> <span class='ocrx_word' id='word_1_142' title='bbox 359 1945 462 2034; x_wconf 87' lang='grc' dir='ltr'><em>ήγαγε</em></span> <span class='ocrx_word' id='word_1_143' title='bbox 479 1949 669 2034; x_wconf 86' lang='grc' dir='ltr'><em>Καμβύσην</em></span> <span class='ocrx_word' id='word_1_144' title='bbox 679 1945 740 2015; x_wconf 82' lang='grc' dir='ltr'><em>τὸν</em></span> <span class='ocrx_word' id='word_1_145' title='bbox 755 1949 874 2035; x_wconf 87' lang='grc' dir='ltr'><em>Κόρου</em></span> <span class='ocrx_word' id='word_1_146' title='bbox 897 1952 1051 2037; x_wconf 87' lang='grc' dir='ltr'><em>μεγάλως</em></span> <span class='ocrx_word' id='word_1_147' title='bbox 1072 1964 1136 2022; x_wconf 85' lang='grc' dir='ltr'><em>θυ-</em></span> 
     </span>
     <span class='ocr_line' id='line_1_19' title="bbox 137 2043 1135 2136; baseline 0.006 -24"><span class='ocrx_word' id='word_1_148' title='bbox 137 2048 295 2132; x_wconf 88' lang='grc' dir='ltr'><em>μωθέντα</em></span> <span class='ocrx_word' id='word_1_149' title='bbox 309 2043 362 2112; x_wconf 79' lang='grc' dir='ltr'><em>ἐπ’</em></span> <span class='ocrx_word' id='word_1_150' title='bbox 379 2054 562 2130; x_wconf 81' lang='grc' dir='ltr'><em>Αἰγύπτου.</em></span> <span class='ocrx_word' id='word_1_151' title='bbox 592 2043 680 2114; x_wconf 79' lang='grc' dir='ltr'><em>δύτω</em></span> <span class='ocrx_word' id='word_1_152' title='bbox 695 2049 756 2132; x_wconf 90' lang='grc' dir='ltr'><em>μέν</em></span> <span class='ocrx_word' id='word_1_153' title='bbox 771 2073 837 2114; x_wconf 92' lang='grc' dir='ltr'><em>νυν</em></span> <span class='ocrx_word' id='word_1_154' title='bbox 852 2049 988 2133; x_wconf 88' lang='grc' dir='ltr'><em>λέγουσι</em></span> <span class='ocrx_word' id='word_1_155' title='bbox 1002 2053 1135 2136; x_wconf 86' lang='grc' dir='ltr'><em>Πέρσαι.</em></span> 
     </span>
     <span class='ocr_line' id='line_1_20' title="bbox 107 2141 1136 2235; baseline 0.01 -31"><span class='ocrx_word' id='word_1_156' title='bbox 107 2141 319 2226; x_wconf 72' lang='grc' dir='ltr'><em>ΞΑἰγόπτιοι</em></span> <span class='ocrx_word' id='word_1_157' title='bbox 343 2145 378 2210; x_wconf 77' lang='grc' dir='ltr'><em>δὲ</em></span> <span class='ocrx_word' id='word_1_158' title='bbox 401 2149 603 2228; x_wconf 80' lang='grc' dir='ltr'><em>οἰκηιεῦνται</em></span> <span class='ocrx_word' id='word_1_159' title='bbox 628 2144 828 2232; x_wconf 89' lang='grc' dir='ltr'><em>Καμβύσεα,</em></span> <span class='ocrx_word' id='word_1_160' title='bbox 852 2147 1002 2234; x_wconf 83' lang='grc' dir='ltr'><em>φάμενοί</em></span> <span class='ocrx_word' id='word_1_161' title='bbox 1020 2175 1081 2235; x_wconf 90' lang='grc' dir='ltr'><em>μιν</em></span> <span class='ocrx_word' id='word_1_162' title='bbox 1104 2151 1136 2216; x_wconf 87' lang='grc' dir='ltr'><em>έκ</em></span> 
     </span>
     <span class='ocr_line' id='line_1_21' title="bbox 136 2237 1134 2332; baseline 0.006 -26"><span class='ocrx_word' id='word_1_163' title='bbox 136 2239 257 2326; x_wconf 78' lang='grc' dir='ltr'><em>ταύτης</em></span> <span class='ocrx_word' id='word_1_164' title='bbox 272 2237 312 2326; x_wconf 86' lang='grc' dir='ltr'><em>δή</em></span> <span class='ocrx_word' id='word_1_165' title='bbox 327 2248 385 2326; x_wconf 81' lang='grc' dir='ltr'><em>τῆς</em></span> <span class='ocrx_word' id='word_1_166' title='bbox 403 2239 542 2327; x_wconf 89' lang='grc' dir='ltr'><em>Ἀπρίεω</em></span> <span class='ocrx_word' id='word_1_167' title='bbox 558 2240 729 2328; x_wconf 86' lang='grc' dir='ltr'><em>θυγατρός</em></span> <span class='ocrx_word' id='word_1_168' title='bbox 743 2246 920 2328; x_wconf 85' lang='grc' dir='ltr'><em>γενέσθαι·</em></span> <span class='ocrx_word' id='word_1_169' title='bbox 942 2252 1061 2331; x_wconf 83' lang='grc' dir='ltr'><em>Κῦρον</em></span> <span class='ocrx_word' id='word_1_170' title='bbox 1074 2244 1134 2332; x_wconf 89' lang='grc' dir='ltr'><em>γάρ</em></span> 
     </span>
     <span class='ocr_line' id='line_1_22' title="bbox 137 2337 1135 2432; baseline 0.004 -24"><span class='ocrx_word' id='word_1_171' title='bbox 137 2339 221 2408; x_wconf 80' lang='grc' dir='ltr'><em>εἶναι</em></span> <span class='ocrx_word' id='word_1_172' title='bbox 246 2337 307 2407; x_wconf 85' lang='grc' dir='ltr'><em>τόν</em></span> <span class='ocrx_word' id='word_1_173' title='bbox 333 2343 507 2426; x_wconf 82' lang='grc' dir='ltr'><em>πέμψαντα</em></span> <span class='ocrx_word' id='word_1_174' title='bbox 528 2353 612 2426; x_wconf 85' lang='grc' dir='ltr'><em>παρ’</em></span> <span class='ocrx_word' id='word_1_175' title='bbox 637 2340 780 2427; x_wconf 76' lang='grc' dir='ltr'><em>’Ἀμασιν</em></span> <span class='ocrx_word' id='word_1_176' title='bbox 801 2344 854 2410; x_wconf 82' lang='grc' dir='ltr'><em>ἰπὶ</em></span> <span class='ocrx_word' id='word_1_177' title='bbox 875 2340 936 2429; x_wconf 87' lang='grc' dir='ltr'><em>τήν</em></span> <span class='ocrx_word' id='word_1_178' title='bbox 954 2348 1135 2432; x_wconf 81' lang='grc' dir='ltr'><em>θυγατέρα,</em></span> 
     </span>
     <span class='ocr_line' id='line_1_23' title="bbox 135 2437 1137 2535; baseline 0.002 -25"><span class='ocrx_word' id='word_1_179' title='bbox 135 2438 211 2510; x_wconf 90' lang='grc' dir='ltr'><em>ἀλλ’</em></span> <span class='ocrx_word' id='word_1_180' title='bbox 237 2437 279 2507; x_wconf 86' lang='grc' dir='ltr'><em>ού</em></span> <span class='ocrx_word' id='word_1_181' title='bbox 293 2441 492 2535; x_wconf 82' lang='grc' dir='ltr'><em>Καμβύσην.</em></span> <span class='ocrx_word' id='word_1_182' title='bbox 520 2443 673 2525; x_wconf 88' lang='grc' dir='ltr'><em>λέγοντες</em></span> <span class='ocrx_word' id='word_1_183' title='bbox 694 2442 730 2507; x_wconf 77' lang='grc' dir='ltr'><em>δὲ</em></span> <span class='ocrx_word' id='word_1_184' title='bbox 751 2447 855 2507; x_wconf 86' lang='grc' dir='ltr'><em>ταῦτα</em></span> <span class='ocrx_word' id='word_1_185' title='bbox 876 2439 939 2509; x_wconf 84' lang='grc' dir='ltr'><em>οὐκ</em></span> <span class='ocrx_word' id='word_1_186' title='bbox 959 2439 1073 2527; x_wconf 75' lang='grc' dir='ltr'><em>ὀρθῶς</em></span> <span class='ocrx_word' id='word_1_187' title='bbox 1086 2443 1137 2512; x_wconf 88' lang='grc' dir='ltr'><em>λέ-</em></span> 
     </span>
     <span class='ocr_line' id='line_1_24' title="bbox 134 2536 1136 2627; baseline 0.002 -20"><span class='ocrx_word' id='word_1_188' title='bbox 134 2560 242 2626; x_wconf 89' lang='grc' dir='ltr'><em>γουσι.</em></span> <span class='ocrx_word' id='word_1_189' title='bbox 277 2537 318 2608; x_wconf 84' lang='grc' dir='ltr'><em>ού</em></span> <span class='ocrx_word' id='word_1_190' title='bbox 343 2538 411 2627; x_wconf 85' lang='grc' dir='ltr'><em>μήν</em></span> <span class='ocrx_word' id='word_1_191' title='bbox 428 2537 506 2607; x_wconf 76' lang='grc' dir='ltr'><em>οὐδὲ</em></span> <span class='ocrx_word' id='word_1_192' title='bbox 528 2544 650 2624; x_wconf 86' lang='grc' dir='ltr'><em>λέληθε</em></span> <span class='ocrx_word' id='word_1_193' title='bbox 670 2536 793 2617; x_wconf 83' lang='grc' dir='ltr'><em>αὐτούς</em></span> <span class='ocrx_word' id='word_1_194' title='bbox 820 2546 867 2622; x_wconf 85' lang='grc' dir='ltr'><em>(εἰ</em></span> <span class='ocrx_word' id='word_1_195' title='bbox 888 2540 952 2624; x_wconf 88' lang='grc' dir='ltr'><em>γάρ</em></span> <span class='ocrx_word' id='word_1_196' title='bbox 976 2567 1064 2618; x_wconf 88' lang='grc' dir='ltr'><em>τινες</em></span> <span class='ocrx_word' id='word_1_197' title='bbox 1086 2546 1136 2609; x_wconf 81' lang='grc' dir='ltr'><em>καὶ</em></span> 
     </span>
     <span class='ocr_line' id='line_1_25' title="bbox 135 2633 1137 2726; baseline 0.004 -23"><span class='ocrx_word' id='word_1_198' title='bbox 135 2636 248 2720; x_wconf 86' lang='grc' dir='ltr'><em>ἀλλοι,</em></span> <span class='ocrx_word' id='word_1_199' title='bbox 270 2633 311 2702; x_wconf 88' lang='grc' dir='ltr'><em>τά</em></span> <span class='ocrx_word' id='word_1_200' title='bbox 326 2641 485 2724; x_wconf 90' lang='grc' dir='ltr'><em>Περσέων</em></span> <span class='ocrx_word' id='word_1_201' title='bbox 497 2637 623 2723; x_wconf 91' lang='grc' dir='ltr'><em>νόμιμα</em></span> <span class='ocrx_word' id='word_1_202' title='bbox 638 2635 751 2722; x_wconf 72' lang='grc' dir='ltr'><em>ὀρθῶς</em></span> <span class='ocrx_word' id='word_1_203' title='bbox 765 2641 956 2706; x_wconf 86' lang='grc' dir='ltr'><em>έπιστέαταί</em></span> <span class='ocrx_word' id='word_1_204' title='bbox 966 2641 1021 2707; x_wconf 79' lang='grc' dir='ltr'><em>καὶ</em></span> <span class='ocrx_word' id='word_1_205' title='bbox 1033 2639 1137 2726; x_wconf 83' lang='grc' dir='ltr'><em>Αίγύ-</em></span> 
     </span>
     <span class='ocr_line' id='line_1_26' title="bbox 136 2730 1137 2826; baseline 0.006 -27"><span class='ocrx_word' id='word_1_206' title='bbox 136 2738 258 2816; x_wconf 90' lang='grc' dir='ltr'><em>πτιοι),</em></span> <span class='ocrx_word' id='word_1_207' title='bbox 282 2730 334 2799; x_wconf 86' lang='grc' dir='ltr'><em>ότι</em></span> <span class='ocrx_word' id='word_1_208' title='bbox 356 2742 470 2818; x_wconf 77' lang='grc' dir='ltr'><em>πρῶτα</em></span> <span class='ocrx_word' id='word_1_209' title='bbox 492 2737 554 2821; x_wconf 72' lang='grc' dir='ltr'><em>μὲν</em></span> <span class='ocrx_word' id='word_1_210' title='bbox 575 2735 686 2804; x_wconf 90' lang='grc' dir='ltr'><em>νόθον</em></span> <span class='ocrx_word' id='word_1_211' title='bbox 701 2735 743 2802; x_wconf 85' lang='grc' dir='ltr'><em>ού</em></span> <span class='ocrx_word' id='word_1_212' title='bbox 759 2757 820 2822; x_wconf 85' lang='grc' dir='ltr'><em>σφι</em></span> <span class='ocrx_word' id='word_1_213' title='bbox 840 2737 944 2823; x_wconf 89' lang='grc' dir='ltr'><em>νόμος</em></span> <span class='ocrx_word' id='word_1_214' title='bbox 961 2741 1029 2806; x_wconf 77' lang='grc' dir='ltr'><em>ἐστὶ</em></span> <span class='ocrx_word' id='word_1_215' title='bbox 1044 2746 1137 2826; x_wconf 89' lang='grc' dir='ltr'><em>βασι-</em></span> 
     </span>
     <span class='ocr_line' id='line_1_27' title="bbox 136 2826 1138 2922; baseline 0.004 -23"><span class='ocrx_word' id='word_1_216' title='bbox 136 2839 253 2899; x_wconf 81' lang='grc' dir='ltr'><em>λεῦσαι</em></span> <span class='ocrx_word' id='word_1_217' title='bbox 273 2838 416 2917; x_wconf 90' lang='grc' dir='ltr'><em>γνησίου</em></span> <span class='ocrx_word' id='word_1_218' title='bbox 435 2835 635 2922; x_wconf 89' lang='grc' dir='ltr'><em>παρεόντος,</em></span> <span class='ocrx_word' id='word_1_219' title='bbox 657 2826 752 2912; x_wconf 83' lang='grc' dir='ltr'><em>αὖτις</em></span> <span class='ocrx_word' id='word_1_220' title='bbox 773 2834 809 2902; x_wconf 76' lang='grc' dir='ltr'><em>δέ</em></span> <span class='ocrx_word' id='word_1_221' title='bbox 829 2834 881 2903; x_wconf 85' lang='grc' dir='ltr'><em>ὅτι</em></span> <span class='ocrx_word' id='word_1_222' title='bbox 896 2837 1138 2922; x_wconf 87' lang='grc' dir='ltr'><em>Κασσανδάνης</em></span> 
     </span>
    </p>
   </div>
   <div class='ocr_carea' id='block_1_3' title="bbox 103 2928 1139 3511">
    <p class='ocr_par' dir='ltr' id='par_1_3' title="bbox 103 2928 1139 3511">
     <span class='ocr_line' id='line_1_28' title="bbox 136 2928 1138 3024; baseline 0.007 -26"><span class='ocrx_word' id='word_1_223' title='bbox 136 2938 193 3019; x_wconf 84' lang='grc' dir='ltr'><em>τῆς</em></span> <span class='ocrx_word' id='word_1_224' title='bbox 208 2931 423 3017; x_wconf 84' lang='grc' dir='ltr'><em>Φαρνάσπεω</em></span> <span class='ocrx_word' id='word_1_225' title='bbox 438 2936 611 3021; x_wconf 88' lang='grc' dir='ltr'><em>θυγατρός</em></span> <span class='ocrx_word' id='word_1_226' title='bbox 632 2928 678 3021; x_wconf 79' lang='grc' dir='ltr'><em>ἦν</em></span> <span class='ocrx_word' id='word_1_227' title='bbox 699 2950 776 3014; x_wconf 82' lang='grc' dir='ltr'><em>παῖς</em></span> <span class='ocrx_word' id='word_1_228' title='bbox 795 2937 996 3024; x_wconf 86' lang='grc' dir='ltr'><em>Καμβύσης,</em></span> <span class='ocrx_word' id='word_1_229' title='bbox 1018 2935 1138 3024; x_wconf 81' lang='grc' dir='ltr'><em>ἀνδρὸς</em></span> 
     </span>
     <span class='ocr_line' id='line_1_29' title="bbox 131 3029 1135 3121; baseline 0.007 -26"><span class='ocrx_word' id='word_1_230' title='bbox 131 3029 380 3116; x_wconf 83' lang='grc' dir='ltr'><em>Ἀχαιμενίδεω,</em></span> <span class='ocrx_word' id='word_1_231' title='bbox 402 3029 477 3101; x_wconf 91' lang='grc' dir='ltr'><em>ἀλλ’</em></span> <span class='ocrx_word' id='word_1_232' title='bbox 503 3032 565 3102; x_wconf 82' lang='grc' dir='ltr'><em>οὐκ</em></span> <span class='ocrx_word' id='word_1_233' title='bbox 580 3037 616 3100; x_wconf 89' lang='grc' dir='ltr'><em>έκ</em></span> <span class='ocrx_word' id='word_1_234' title='bbox 631 3042 687 3120; x_wconf 80' lang='grc' dir='ltr'><em>τῆς</em></span> <span class='ocrx_word' id='word_1_235' title='bbox 703 3041 895 3121; x_wconf 86' lang='grc' dir='ltr'><em>Αἰγυπτίης.</em></span> <span class='ocrx_word' id='word_1_236' title='bbox 925 3032 1011 3102; x_wconf 88' lang='grc' dir='ltr'><em>ἀλλά</em></span> <span class='ocrx_word' id='word_1_237' title='bbox 1031 3059 1135 3121; x_wconf 87' lang='grc' dir='ltr'><em>παρα-</em></span> 
     </span>
     <span class='ocr_line' id='line_1_30' title="bbox 134 3128 1138 3224; baseline 0.012 -33"><span class='ocrx_word' id='word_1_238' title='bbox 134 3128 300 3213; x_wconf 89' lang='grc' dir='ltr'><em>τράπονσι</em></span> <span class='ocrx_word' id='word_1_239' title='bbox 323 3128 383 3197; x_wconf 86' lang='grc' dir='ltr'><em>τόν</em></span> <span class='ocrx_word' id='word_1_240' title='bbox 410 3131 514 3218; x_wconf 90' lang='grc' dir='ltr'><em>λόγον</em></span> <span class='ocrx_word' id='word_1_241' title='bbox 538 3134 822 3219; x_wconf 89' lang='grc' dir='ltr'><em>προσποιεύμενοι</em></span> <span class='ocrx_word' id='word_1_242' title='bbox 846 3141 887 3224; x_wconf 76' lang='grc' dir='ltr'><em>τῇ</em></span> <span class='ocrx_word' id='word_1_243' title='bbox 908 3135 1028 3221; x_wconf 88' lang='grc' dir='ltr'><em>Κύρου</em></span> <span class='ocrx_word' id='word_1_244' title='bbox 1053 3139 1138 3222; x_wconf 81' lang='grc' dir='ltr'><em>οἰκίη</em></span> 
     </span>
     <span class='ocr_line' id='line_1_31' title="bbox 103 3224 1138 3318; baseline 0.001 -24"><span class='ocrx_word' id='word_1_245' title='bbox 103 3239 121 3294; x_wconf 77' lang='grc'>3</span> <span class='ocrx_word' id='word_1_246' title='bbox 135 3229 311 3309; x_wconf 87' lang='grc' dir='ltr'><em>συγγενέες</em></span> <span class='ocrx_word' id='word_1_247' title='bbox 324 3224 417 3296; x_wconf 88' lang='grc' dir='ltr'><em>εἰναι.</em></span> <span class='ocrx_word' id='word_1_248' title='bbox 440 3232 495 3297; x_wconf 80' lang='grc' dir='ltr'><em>καὶ</em></span> <span class='ocrx_word' id='word_1_249' title='bbox 509 3235 614 3298; x_wconf 83' lang='grc' dir='ltr'><em>ταῦτα</em></span> <span class='ocrx_word' id='word_1_250' title='bbox 624 3231 686 3316; x_wconf 74' lang='grc' dir='ltr'><em>μὲν</em></span> <span class='ocrx_word' id='word_1_251' title='bbox 700 3224 765 3298; x_wconf 76' lang='grc' dir='ltr'><em>ὦδε</em></span> <span class='ocrx_word' id='word_1_252' title='bbox 777 3238 850 3318; x_wconf 84' lang='grc' dir='ltr'><em>ἔχει.</em></span> <span class='ocrx_word' id='word_1_253' title='bbox 881 3235 1021 3318; x_wconf 87' lang='grc' dir='ltr'><em>Λέγεται</em></span> <span class='ocrx_word' id='word_1_254' title='bbox 1035 3233 1072 3298; x_wconf 72' lang='grc' dir='ltr'><em>δὲ</em></span> <span class='ocrx_word' id='word_1_255' title='bbox 1086 3230 1138 3297; x_wconf 82' lang='grc' dir='ltr'><em>καὶ</em></span> 
     </span>
     <span class='ocr_line' id='line_1_32' title="bbox 138 3317 1139 3416; baseline 0.008 -31"><span class='ocrx_word' id='word_1_256' title='bbox 138 3317 194 3386; x_wconf 85' lang='grc' dir='ltr'><em>όδε</em></span> <span class='ocrx_word' id='word_1_257' title='bbox 212 3319 230 3387; x_wconf 89' lang='grc' dir='ltr'>ὁ</span> <span class='ocrx_word' id='word_1_258' title='bbox 246 3320 359 3414; x_wconf 76' lang='grc' dir='ltr'><em>λόγος,</em></span> <span class='ocrx_word' id='word_1_259' title='bbox 384 3328 456 3409; x_wconf 78' lang='grc' dir='ltr'><em>ἐμοὶ</em></span> <span class='ocrx_word' id='word_1_260' title='bbox 478 3329 538 3416; x_wconf 71' lang='grc' dir='ltr'><em>μὲν</em></span> <span class='ocrx_word' id='word_1_261' title='bbox 562 3327 603 3396; x_wconf 88' lang='grc' dir='ltr'><em>οά</em></span> <span class='ocrx_word' id='word_1_262' title='bbox 624 3327 787 3415; x_wconf 86' lang='grc' dir='ltr'><em>πιθανός,</em></span> <span class='ocrx_word' id='word_1_263' title='bbox 810 3326 854 3408; x_wconf 81' lang='grc' dir='ltr'><em>ὡς</em></span> <span class='ocrx_word' id='word_1_264' title='bbox 876 3337 944 3396; x_wconf 83' lang='grc' dir='ltr'><em>τῶν</em></span> <span class='ocrx_word' id='word_1_265' title='bbox 964 3331 1139 3414; x_wconf 89' lang='grc' dir='ltr'><em>Περσίδων</em></span> 
     </span>
     <span class='ocr_line' id='line_1_33' title="bbox 138 3422 1138 3511; baseline 0.012 -27"><span class='ocrx_word' id='word_1_266' title='bbox 138 3426 309 3502; x_wconf 79' lang='grc' dir='ltr'><em>γυναικῶν</em></span> <span class='ocrx_word' id='word_1_267' title='bbox 325 3423 511 3490; x_wconf 80' lang='grc' dir='ltr'><em>ἐσελθοῦσά</em></span> <span class='ocrx_word' id='word_1_268' title='bbox 525 3451 575 3500; x_wconf 88' lang='grc' dir='ltr'><em>τις</em></span> <span class='ocrx_word' id='word_1_269' title='bbox 589 3422 680 3501; x_wconf 81' lang='grc' dir='ltr'><em>παρὰ</em></span> <span class='ocrx_word' id='word_1_270' title='bbox 694 3423 753 3503; x_wconf 86' lang='grc' dir='ltr'><em>τός</em></span> <span class='ocrx_word' id='word_1_271' title='bbox 768 3427 887 3506; x_wconf 88' lang='grc' dir='ltr'><em>Κύρου</em></span> <span class='ocrx_word' id='word_1_272' title='bbox 902 3442 1083 3511; x_wconf 78' lang='grc' dir='ltr'><em>γυναῖκας,</em></span> <span class='ocrx_word' id='word_1_273' title='bbox 1098 3423 1138 3503; x_wconf 79' lang='grc' dir='ltr'><em>ὥς</em></span> 
     </span>
    </p>
   </div>
   <div class='ocr_carea' id='block_1_4' title="bbox 65 3608 122 3615">
    <p class='ocr_par' dir='ltr' id='par_1_4' title="bbox 65 3608 122 3615">
     <span class='ocr_line' id='line_1_34' title="bbox 65 3608 122 3615; baseline 0 0"><span class='ocrx_word' id='word_1_274' title='bbox 65 3608 122 3615; x_wconf 76' lang='grc'><em>--..</em></span> 
     </span>
    </p>
   </div>
   <div class='ocr_carea' id='block_1_5' title="bbox 0 0 1182 3840">
    <p class='ocr_par' dir='ltr' id='par_1_5' title="bbox 0 0 1182 3840">
     <span class='ocr_line' id='line_1_35' title="bbox 0 0 1182 3840; baseline 0 0"><span class='ocrx_word' id='word_1_275' title='bbox 0 0 1182 3840; x_wconf 95' lang='lat' dir='ltr'><em> </em></span> 
     </span>
    </p>
   </div>
  </div>
 </body>
</html>
