2354 3840
136 179 197 243 186
509 184 764 241 HERODOTI

134 340 353 428 μνημόσυνον
378 344 511 426 ἑωυτῆς.
548 346 607 426 τῆς
632 333 681 408 ών
707 343 848 429 δεκάτης
868 352 939 412 τόν
962 345 1127 433 χρημάτσι

133 440 341 523 ποιησαμένη
374 434 514 524 ὀβελοὺς
543 439 740 525 βουπόρους
773 441 922 523 πολλοὺς
952 447 1127 531 σιδηρέους,

133 534 215 603 ὅσον
230 536 390 622 ἐνεχώρεε
409 533 430 622 ἡ
447 535 568 622 δεκάτη
585 541 632 623 ολ,
658 534 831 625 άπέπεμπε
851 542 885 619 ές
904 540 1081 629 Δελφούς·
1102 546 1129 609 ολ

132 637 188 702 καλ
207 641 274 701 νῦν
295 639 343 701 ἔτι
363 637 582 701 συννενέαται
603 633 728 703 όπισθε
750 640 813 722 μὲν
833 645 895 705 τοῦ
915 644 1054 727 βωμοῦ,
1077 632 1139 705 τόν,

132 745 208 804 Χιοι
224 733 410 820 ἀνέθεσαν,
440 731 558 803 άντίον
579 737 616 803 δὲ
637 733 744 804 αὐτοῦ
758 744 821 805 τοῦ
840 745 937 824 νηοῦ.
986 743 1127 824 φιλέουσι

131 835 171 900 δέ
182 858 248 911 κως
272 833 310 900 έν
323 838 363 920 τῇ
378 832 554 918 Ναυκράτι
577 833 795 919 ἐπαφρόδιτοι
816 840 974 919 γίνεσθαι
996 838 1035 903 σέ
1052 837 1129 903 §tat-

130 955 203 1014 ραι·
232 936 331 997 τοῦτο
352 928 415 1015 μέν
434 927 499 1017 γάρ
515 929 617 1017 αὕτη,
646 937 704 1016 τῆς
724 935 800 1014 πέρι
817 934 947 1017 λέγεται
964 930 1026 1001 ὅδε
1045 930 1127 1003 ὁλό·
1165 910 1169 1009 λ

128 1056 205 1115 γος,
238 1028 326 1097 οὕτω
352 1028 395 1115 δή
420 1054 450 1095 τι
475 1025 587 1114 κλεινὴ
620 1026 765 1112 ἐγένετο,
798 1023 844 1105 ώς
869 1024 927 1093 καλ
957 1023 1130 1105 πάντεςοέ
1167 1031 1169 1089 ζ

121 1128 277 1216 Ἕλληνες
297 1126 474 1208 Ῥοδώπιος
491 1123 640 1215 τοῦνομα
658 1128 841 1214 ἐξέμαθον,
864 1129 965 1193 τοῦτο
983 1123 1024 1193 δέ
1038 1122 1128 1195 όστε-
1167 1128 1169 1145 ²

130 1253 192 1312 ρον
211 1227 334 1312 ταύτης
353 1233 393 1314 τῇ
415 1223 545 1313 οὔνομα
567 1221 613 1313 ἦν
631 1223 797 1312 Ἀρχιδίκη
811 1221 964 1311 ἀοίδιμος
986 1222 1053 1294 άνά
1074 1223 1127 1312 τὴν

123 1323 264 1394 Ἑλλάδα
279 1326 428 1409 ἐγένετο,
457 1327 557 1392 ἕσσον
572 1327 609 1392 δέ
629 1331 687 1410 τῆς
704 1327 816 1410 ἑτέρης
829 1324 1125 1413 περιλεσχήνευτος.

128 1423 281 1508 Χάραξος
296 1420 333 1488 δὲ
349 1419 393 1499 ὡς
408 1421 596 1506 λυσάμενος
612 1418 773 1487 Ῥοδῶπιν
784 1417 995 1505 ἀπενόστησε
1008 1423 1043 1500 ἐς
1056 1427 1126 1489 Μν-

128 1519 286 1606 τιλήνην,
318 1520 356 1586 ἐν
375 1521 468 1604 μέλει·
485 1515 619 1604 Σαπφώ
642 1516 750 1587 πολλοὶ
774 1518 1044 1606 κατεκερτόμησέ
1066 1544 1125 1605 μιν.

122 1615 301 1694 Ῥοδώπιος
318 1618 380 1703 μέν
394 1642 460 1683 νυν
474 1618 551 1703 πέρι
565 1616 745 1700 πέπαυμαι.

62 1733 112 1788 136
211 1713 308 1784 Μετά
332 1720 369 1785 δὲ
390 1725 589 1804 Μυκερῖνον
608 1717 770 1800 γενέσθαι
789 1713 969 1799 Αίγόπτου
996 1718 1125 1799 βασιλέα

127 1823 243 1902 ἔλεγον
257 1818 290 1882 oc
302 1817 388 1901 ίρέες
400 1813 588 1900 Ἄσυχιν,
613 1810 674 1880 τόν
689 1809 729 1879 τά
744 1808 830 1898 πρός
844 1808 942 1898 ἥλιον
955 1807 1127 1898 ἀνίσχοντα

126 1923 263 2002 ποιῆσαι
277 1920 323 2005 τῷ
338 1911 509 2002 Ἡφαίστῳ
524 1909 736 1997 προπύλαια,
757 1908 857 2003 ἐόντα
872 1917 988 1999 πολλῷ
1000 1934 1038 1977 τε
1054 1906 1126 1975 κέλ-

127 2024 222 2083 λιστα
243 2013 299 2080 καὶ
318 2016 431 2100 πολλῷ
452 2012 598 2096 μέγιστα.
639 2013 705 2093 ἔχει
725 2006 787 2093 μὲν
808 2005 874 2096 γάρ
895 2011 952 2077 καὶ
967 2006 1010 2077 τά
1025 2009 1126 2077 πάντα

127 2109 319 2198 προπύλαια
339 2107 467 2185 τόπους
490 2132 526 2174 τε
547 2107 836 2192 ἐγγεγλυμμένους
856 2108 913 2174 καλ
932 2104 1042 2194 άλλην
1054 2104 1126 2189 όψιν

128 2205 404 2292 οἰκοδομημάτων
424 2211 566 2292 μυρίην,
595 2207 706 2273 ἐκεῖνα
722 2206 759 2271 δέ
779 2205 836 2272 καλ
848 2210 967 2296 μακρῷ
980 2204 1124 2293 μάλιστα

127 2308 179 2375 ἐπὶ
192 2305 316 2373 τοότου
335 2304 573 2393 βασιλεύοντος
588 2309 705 2389 ἔλεγον
718 2299 849 2388 ἀμιξίης
868 2301 991 2390 ἐοόσης
1010 2298 1125 2387 πολλῆς

124 2402 304 2493 χρημάτων
323 2406 484 2489 γενέσθαι
504 2402 614 2488 νόμον
634 2408 863 2489 Αἰγυπτίοισι,
884 2398 1124 2471 άποδεικνόντα

125 2503 284 2587 ἐνέχυρον
312 2507 373 2569 τοῦ
398 2498 524 2588 πατρὸς
547 2497 609 2568 τόν
632 2502 737 2567 νέκυν
762 2498 852 2568 οὕτω
878 2502 1067 2589 λαμβάνειν
1091 2495 1123 2568 τό

124 2603 233 2686 χρέος·
257 2606 486 2686 προστεθῆναι
508 2598 544 2667 δὲ
565 2604 613 2667 ἔτι
627 2598 736 2690 τοάτφ
756 2602 802 2688 τῷ
823 2599 917 2690 νόμην
932 2599 1053 2685 τόνδε,
1071 2596 1124 2667 τόν

125 2694 263 2764 διδόντα
282 2693 318 2763 τό
339 2700 435 2782 χρέος
457 2700 512 2766 κοιλ
534 2697 666 2785 ἁπάσης
680 2700 833 2784 κρατέειν
852 2704 910 2786 τῆς
925 2706 989 2767 τοῦ
1001 2696 1122 2786 λαμβά-

124 2817 243 2870 νοντος
266 2791 395 2879 θήκης,
424 2801 471 2881 νβ’
497 2794 534 2862 δέ
558 2795 757 2863 ὑποτιθέντι
783 2802 884 2864 τοῦτο
907 2794 946 2864 τό
973 2800 1120 2885 έυέχυροι

121 2893 222 2982 τήνδε
256 2899 384 2965 ἐπείναι
415 2900 534 2983 ζημίην
566 2894 611 2982 μὴ
643 2897 839 2988 βουλομένῳ
871 2893 1062 2967 ἀποδοῦναι
1088 2894 1120 2967 τό

123 2997 237 3084 χρέος,
263 2993 339 3084 μήτ’
368 2993 461 3087 αὐτῷ
485 2995 719 3082 τελευτήσαντι
744 2993 831 3064 εἶναι
854 3000 964 3085 ταφῆς
988 3001 1123 3087 κυρῆσαι

122 3091 198 3182 μήτ’
224 3094 261 3161 έν
279 3094 394 3182 ἐκείνῳ
408 3099 456 3182 τῷ
470 3099 626 3183 πατρωίῳ
639 3090 737 3186 τάφφ
751 3089 828 3180 μήτ’
844 3096 883 3162 έν
895 3092 988 3187 amp
1001 3094 1120 3185 μηδενί,

122 3189 198 3279 μήτ’
221 3188 326 3257 άλλον
345 3194 474 3276 μηδένα
493 3200 562 3260 τών
580 3195 707 3260 ἑωυτοῦ
727 3189 984 3278 άπογενόμενον
1002 3196 1119 3277 θάψαι·

121 3289 373 3378 ὑπερβαλέσθαι
394 3291 431 3360 δὲ
451 3293 662 3379 βουλόμενον
681 3297 804 3358 τοῦτον
819 3287 880 3358 τόν
896 3296 1038 3380 βασιλέα
1050 3288 1121 3368 τοδε
1167 3298 1169 3303 ’

122 3387 288 3475 πρότερον
303 3390 430 3455 έοιποῦ
450 3393 607 3477 βασιλέας
626 3391 832 3476 γενομένους
850 3388 1031 3474 Αίγόπτου
1043 3414 1121 3477 μνη-
