2354 3840
143 180 206 243 282
530 181 783 240 ΗΕΒΟΒΟῊ

140 341 310 411 θαλάσσια
325 345 383 424 τῆς
389 337 562 422 Ἑλλάδος,
585 335 674 418 ὀκως
691 365 727 407 τε
742 337 788 427 μή
802 338 1023 427 διαδρήσεταί
1038 358 1132 426 σφεας

140 437 159 510 ὁ
172 437 394 524 Δημοκήδης,
418 433 504 503 ἀλλά
517 459 577 520 μιν
591 435 726 514 πάντως
740 433 847 504 ὀπίσω
863 434 1043 516 ἀπάξουσα
1085 440 1132 505 ίν-

139 536 332 622 τειλάμενος
347 534 384 602 δὲ
404 534 553 601 τούτοισι
572 540 694 620 ταῦτα,
713 536 854 619 δεύτερα
877 535 1023 613 καλέσας
1038 532 1133 605 αότόν
1167 598 1174 613 ,

137 633 341 722 Δημοκήδεα
368 631 477 698 ἐδέετο
504 627 627 713 αὐτοῦ,
650 628 739 709 ὅκως
757 630 1005 717 ἐξηγησάμενος
1031 636 1134 701 πᾶσαν

138 736 194 802 καλ
216 733 364 810 ἐπιδέξας
384 725 447 816 τήν
461 727 603 797 Ἑλλάδα
628 743 714 796 τοῖσι
734 731 884 816 Πέρσησι
915 725 1026 797 ὀπίσω
1055 728 1131 817 ἥξει·

138 837 230 917 δῶρα
254 829 294 896 δέ
320 853 380 913 μιν
407 833 453 916 τῷ
478 827 577 909 πατρί
603 828 659 893 καλ
682 840 769 893 τοῖσι
792 824 987 909 ἀδελφεοῖσι
1011 827 1133 897 ἐκέλευε
1166 864 1170 875 ·

137 927 247 993 πάντα
263 921 304 991 τά
320 926 452 991 ἐκείνου
460 920 603 990 ἐπίπλοα
611 922 759 1010 λαβόντα
778 922 891 1008 ἄγειν,
916 919 987 1008 φάς
1008 921 1134 994 ἀλλααί

136 1020 368 1108 πολλαπλήσια
383 1018 598 1089 ἀντιδῶσειν·
613 1017 699 1106 τρός
710 1021 747 1087 δὲ
762 1022 796 1098 ἐς
809 1017 850 1088 τά
863 1024 956 1103 διρα
967 1016 1135 1090 ὁλκάδαιί

136 1127 201 1205 ἔφη
218 1121 468 1206 συμβαλέεσθαι
482 1118 611 1204 πλήσας
626 1114 769 1204 ἀγαθῶν
782 1124 972 1202 παντοίων,
988 1115 1056 1204 τήν
1074 1116 1133 1205 ἀμ

138 1223 172 1285 οί
185 1216 389 1285 πλῶσεσθαι.
434 1226 579 1302 Δαρεῖος
592 1217 655 1300 μὲν
668 1213 728 1301 δή,
743 1219 873 1282 δοκέειν
887 1216 977 1301 ἐμοὶ,
1003 1213 1066 1284 ἀπ’
1081 1212 1133 1283 οό-
1173 1268 1176 1273 -

137 1312 235 1394 δενός
249 1319 391 1400 δολεροῦ
407 1312 493 1381 νόου
512 1313 731 1398 έπηγγέλλετό
747 1317 782 1380 οί
793 1319 914 1396 ταῦτα,
934 1314 1132 1401 Δημοκήδης

137 1414 174 1480 δὲ
189 1417 317 1497 δείσας,
346 1411 392 1497 μή
415 1408 453 1477 εὑ
474 1413 654 1501 ἐκπειρῷτο
669 1420 832 1497 Δαρεῖος,
853 1408 928 1476 οὔτι
946 1406 1132 1496 ἐπιδραμὸν
1171 1448 1175 1499 i

136 1509 246 1575 πάντα
263 1505 303 1573 τά
322 1507 481 1592 διδόμενα
498 1508 645 1592 ἐδέκετο,
670 1502 755 1573 ἀλλά
771 1504 812 1572 τά
824 1506 890 1599 μὲν
903 1507 1037 1574 ἑωυτοῦ
1057 1503 1131 1575 κατά
1169 1502 1175 1591 ,’

135 1605 248 1692 χώρην
263 1610 328 1691 έφη
343 1613 571 1688 καταλείψειν,
587 1608 644 1670 ἵνα
660 1601 766 1671 ὀπίσω
781 1607 866 1689 σφέα
881 1600 1048 1673 ἀπελθῶν
1061 1610 1131 1690 ἔχοι,

134 1702 197 1790 τήν
213 1707 327 1790 μέντοι
343 1700 487 1789 ὁλκάδα,
510 1701 572 1788 τήν
587 1709 622 1770 οί
632 1712 778 1788 Δαρεῖος
792 1705 1012 1789 ἐπηγγέλλετο
1028 1706 1062 1783 ές
1078 1700 1132 1789 τήν

136 1799 267 1888 δωρεήν
283 1815 369 1871 τοῖσι
386 1799 595 1887 ἀδελφεοῖσι,
618 1805 775 1869 δέκεσθαι
792 1807 865 1886 ἔφη.
905 1802 1132 1888 ἐντειλάμενος
1170 1880 1174 1887 ,

135 1899 172 1968 δὲ
186 1901 241 1969 καί
255 1900 363 1990 τούτῳ
384 1896 488 1966 ταάτά
515 1894 694 1984 ὀΔαρεῖος
718 1895 912 1965 ἀποστέλλει
939 1894 1067 1976 αότοός
1087 1898 1132 1965 ἐπὶ

71 2010 119 2065 136
132 1998 320 2067 θάλασσαν.
365 1991 579 2082 Καταβάντες
594 1992 625 2062 δ’
643 1987 738 2062 οὗτοι
756 1997 789 2072 ἐς
808 2001 973 2082 Φοινίκην
985 1999 1044 2064 καλ
1057 2003 1133 2063 Φοι-

135 2105 231 2182 νίκης
248 2100 281 2174 ές
294 2099 432 2163 Σιδῶνα
450 2096 552 2162 πόλιν
573 2093 693 2164 αὐτίκα
709 2097 772 2181 μὲν
785 2096 939 2180 τριήρεας
956 2097 1021 2164 δύο
1037 2097 1133 2181 ἐπλή-

135 2213 259 2280 ρωσαν,
271 2190 339 2276 ἀμα
353 2193 389 2259 δὲ
405 2190 523 2280 αὐτῇσι
538 2195 593 2259 καλ
607 2190 737 2278 γαυλόν
746 2196 852 2278 μέγαν
865 2201 1038 2262 παντοίων
1053 2192 1134 2280 ἀγα-

133 2298 223 2360 θῶν·
239 2292 545 2377 παρεσκευασμένοι
560 2291 597 2357 δὲ
610 2289 719 2357 πάντα
731 2295 861 2358 ἔπλωον
875 2292 908 2370 ἐς
917 2289 1134 2377 τὴνἙλλάδα,

133 2395 367 2477 προσίσχοντες
405 2388 441 2454 δὲ
471 2383 573 2473 αὐτῆς
607 2384 647 2454 τά
684 2387 944 2473 παραθαλάσσια
974 2382 1134 2475 ἐθηεῦντο

133 2491 188 2556 καί
217 2485 473 2572 ἀπεγράφοντο,
506 2487 540 2564 ές
567 2482 586 2551 δ
619 2483 659 2553 τά
688 2483 793 2553 πολλοὶ
824 2483 925 2570 αὐτῆς
951 2489 1008 2553 καὶ
1035 2483 1136 2553 οόνο·

133 2587 321 2672 μαστότατα
343 2585 556 2669 θηησάμενοι
585 2582 745 2654 ἀπίκοντο
766 2592 823 2670 τῆς
843 2582 979 2671 Ἰταλίης
1008 2587 1042 2662 ές
1070 2582 1135 2651 Τά-

133 2709 247 2767 ραντα.
271 2685 422 2748 ἐνθαῦτα
437 2681 474 2749 δὲ
496 2684 532 2749 ἐκ
549 2685 722 2770 ήηστιινης
743 2689 800 2769 τῆς
814 2681 1035 2769 Δημοκήδεος
1047 2677 1136 2763 Ἀρι-

134 2781 326 2864 στοφιλίδης
351 2784 419 2844 τῶν
438 2786 654 2861 Ταραντίνων
677 2778 695 2847 ὀ
712 2776 870 2868 βασιλεὺς
896 2778 1078 2865 τοῦτομὲν
1097 2776 1133 2845 τὰ

132 2878 278 2966 πηδάλια
294 2877 460 2960 παρέλυσε
481 2872 549 2944 τῶν
563 2882 746 2963 Μηδικέων
763 2883 868 2962 νεῶν,
896 2882 997 2944 τοῦτο
1019 2877 1056 2944 δὲ
1072 2874 1134 2944 αό-

131 2975 211 3055 τοδς
225 2973 305 3054 τοός
315 2977 447 3060 Πέρσας
460 2977 534 3063 ἔρξε
558 2974 603 3054 ῶς
624 2976 856 3053 κατασκόπους
873 2978 981 3060 δήθεν
1000 2975 1120 3056 ἐόντας

132 3079 169 3142 ἐν
185 3067 259 3163 ρόδε
272 3066 366 3141 οὗτοι
377 3082 481 3141 ταῦτα
496 3080 651 3160 ἔπασχον,
668 3073 686 3143 ὁ
705 3073 907 3161 Δημοκήδης
921 3074 955 3152 ές
968 3071 1031 3160 τήν
1041 3076 1136 3164 Κρό-

131 3197 222 3242 τωνα
233 3169 432 3240 ἀπικνέεται.
456 3172 642 3260 ἀπιγμένου
657 3173 693 3241 δὲ
706 3170 769 3260 ήδη
780 3170 903 3238 τούτου
919 3171 953 3248 ές
968 3168 1032 3257 τήν
1048 3173 1137 3240 ἑωυ-

208 3266 502 3358 δἈριστοφιλίδης
517 3277 614 3339 ἔλυσε
631 3268 711 3350 τοάς
724 3272 873 3357 Πέρσας,
903 3270 958 3336 καλ
971 3266 1012 3335 τά
1029 3275 1137 3360 παρέ-

59 3294 212 3576 ἤ
233 3374 305 3437 τῶν
320 3376 409 3437 νεῶν
429 3367 583 3440 ἀπέδωκέ
595 3391 667 3458 σφι.
708 3368 884 3446 Πλῶοντες
912 3367 949 3433 δὲ
969 3368 1138 3440 ἐνθεῦτεν
