2354 3840
142 165 203 228 184
516 162 770 227 HERODOTI

141 327 274 412 σομίνα
294 330 392 413 παχέι
409 326 516 413 κάρτα
536 331 666 415 χρυσῷ·
695 324 817 411 μεταξῦ
837 327 876 397 66
894 336 965 399 τῶν
984 328 1126 419 ιιερέανλ

140 429 202 491 τοῦ
215 420 314 511 ἡλίου
328 425 452 504 κύκλος
461 427 687 511 μεμιμημένος
700 428 812 492 ἐπεστι
821 426 972 513 ηρῦσεος.
996 424 1127 515 ἐστιιλλή

141 530 224 610 βοῦς
243 519 306 591 οῦκ
327 520 433 610 ὀρθή,
454 520 529 592 ἀλλ’
547 524 585 591 ἐν
604 522 749 608 μοῦνασι
771 528 925 613 κειμένη,
946 524 1128 614 μέγαθοςίλ

142 619 205 707 ὅση
218 645 281 707 περ
296 622 424 708 μεγάλη
441 629 524 709 βοῦς
540 622 614 709 ζωή.
637 623 811 708 ἐκφέρεται
825 621 862 689 66
879 624 916 691 ἐιι
930 629 995 691 τοῦ
1008 622 1130 711 ολιιήμσ
1164 641 1166 654 “

142 746 198 798 τος
215 716 280 787 ἀνὰ
295 719 406 788 πάντα
419 717 460 789 τῦ
481 726 573 806 ἔτεα,
595 716 698 787 ἐπεὰν
715 718 905 787 τῦτιτωνται
921 724 957 789 ολ
968 722 1130 809 Alfium

142 814 204 885 τὸν
228 814 292 885 οῦκ
317 815 588 905 οῦνομαζόμενον
618 815 705 887 θεὸν
734 814 794 885 ὑπ’
821 820 901 904 ἐμεῦ
928 822 983 889 ἐπὶ
1007 822 1131 913 roconis,

141 913 322 1002 πρήγματι·
346 915 422 984 τότε
437 908 487 985 οἷν
506 919 562 984 καλ
582 911 645 1001 τήν
664 919 751 1001 βοῦν
765 914 944 1001 ἐκφέρουσι
957 920 995 995 ἐς
1007 915 1046 987 τῦ
1059 925 1130 1005 φῦς·

142 1013 224 1099 φασὶ
247 1010 313 1099 γὰρ
338 1011 379 1100 δή
402 1011 509 1100 αὐτήν
531 1018 695 1100 δεηθῆναι
715 1016 777 1079 τοῦ
801 1011 925 1100 πατρὸς
946 1022 1131 1105 Μυκερίνου

142 1105 429 1198 ἀποθνήσκουσαν
442 1112 480 1179 ἐν
488 1117 536 1201 τῷ
547 1113 688 1200 ἐνιαυτῷ
703 1107 791 1190 ἅπαξ
802 1136 862 1195 μιν
869 1107 931 1178 τὸν
942 1108 1043 1199 ήλιον
1054 1140 1131 1183 ιιατι·

79 1212 127 1268 13³
143 1210 222 1276 δεῖν.
267 1204 364 1274 Μετὰ
387 1209 424 1276 66
443 1215 502 1295 τής
514 1204 687 1293 θιηατρῦς
701 1204 738 1274 τὸ
759 1206 871 1287 πάθος
885 1209 1028 1299 ῦεῦτερα
1040 1212 1132 1305 τοῦεμ

142 1311 187 1394 τῷ
204 1308 334 1391 βασιλέι
351 1306 430 1373 τάδε
448 1308 622 1392 γενέσθαι·
647 1306 761 1373 ἐλθεῖν
778 1307 813 1372 οί
829 1304 994 1393 μαντήιον
1007 1309 1045 1377 ἐκ
1057 1316 1132 1379 Βον-

141 1407 220 1479 τοῦς
234 1400 365 1489 πόλιος,
382 1400 426 1483 ὡς
436 1406 550 1489 μέλλοι
563 1407 597 1483 ἓξ
612 1408 686 1470 ἔτεα
701 1407 833 1488 μοῦνον
845 1400 942 1490 βιοῦς
953 1410 1003 1494 τῷ
1017 1404 1133 1497 ἑβδόμη

142 1499 369 1586 τελευτήσειν·
390 1498 451 1569 τὸν
471 1503 508 1570 ιλέ
523 1499 637 1570 δεινὸν
658 1499 887 1586 ποιησάμενον
907 1504 1037 1588 πέμψαι
1056 1498 1133 1583 ἐςτέ

143 1595 305 1685 μαντήιον
318 1603 364 1687 τῷ
378 1605 451 1689 θεῷ
467 1597 639 1687 ὀνείδισμα
654 1596 964 1686 ἀντιμεμφόμενον,
987 1598 1041 1668 ὅτι
1052 1599 1072 1672 6
1085 1604 1134 1690 μὲν

143 1691 249 1762 αὐτοῦ
263 1690 370 1782 πατήρ
385 1699 441 1764 καλ
454 1698 587 1782 πάτρως
598 1695 859 1782 ἀποκληίσαντες
869 1692 909 1762 τὰ
921 1694 979 1783 λρᾶ
991 1700 1136 1769 καλθεῦι

143 1790 185 1862 οῦ
199 1795 421 1881 μεμνημένοι,
443 1793 528 1865 ἀλλὰ
543 1798 598 1864 καὶ
618 1791 697 1873 τοῦς
717 1790 923 1881 ἀνθρώπους
938 1802 1136 1887 φθείρσνιες,

143 1892 286 1977 ἐβίωσαν
302 1890 427 1976 χρόνον
446 1895 499 1962 ἐπὶ
515 1889 659 1978 πολλὸν,
675 1888 776 1970 αῦτός
790 1887 822 1957 6’
840 1888 982 1981 εὐσεβής
992 1888 1060 1963 ἐῦν
1069 1892 1137 1978 μέλ·

141 1995 194 2055 λοι
223 1988 344 2072 ταχέως
370 1987 459 2057 οῦτοι
484 1990 703 2077 τελευτήσειν.
737 1989 774 2055 ἐκ
799 1988 835 2055 ιλ
859 1995 921 2056 τοῦ
944 1994 1136 2077 χρηστηρίου

141 2083 231 2172 αῦτη)
217 2086 383 2169 δεύτερα
394 2089 508 2156 ἐλθεῖν
518 2092 658 2175 λέγοντα
672 2087 802 2154 τοῦτον
817 2088 945 2154 εἵνεκεν
958 2088 1137 2155 καλσυνια-

141 2183 257 2268 χῦνειν
273 2180 363 2274 αὐτῷ
377 2181 438 2251 τόν
453 2183 611 2273 βίον·οῦ
627 2181 692 2273 γὰρ
708 2189 847 2270 ποιήσαί
857 2210 917 2269 μιν
930 2181 968 2253 τὸ
980 2209 1089 2272 χρεων
1099 2174 1136 2303 ήν
1162 2212 1166 2217 ·

141 2280 284 2346 ποιέειν·
308 2279 432 2349 θεῖν
392 2308 457 2369 γαρ
472 2292 648 2371 Αληοπτον
663 2289 853 2351 κακοῦσθαι
867 2279 919 2350 ἐπ’
937 2290 1013 2352 ἐτεα
1025 2281 1136 2370 πεντή-

141 2378 245 2445 κοντά
261 2404 296 2445 τε
317 2381 373 2448 καὶ
400 2377 537 2468 ἑκατὸν,
558 2383 614 2449 κοιι
627 2378 707 2460 τοῦς
721 2383 783 2465 μὲν
798 2379 860 2448 δύο
880 2377 961 2460 τοῦς
982 2405 1048 2479 προ
1036 2378 1135 2451 ἐκεί-

140 2501 204 2542 νου
227 2481 431 2562 γενομένους
447 2479 603 2565 βασιλέας
616 2488 741 2564 μοιθεϊν
752 2503 870 2564 τουτο,
891 2460 1024 2547 ἐκείνου
1044 2472 1133 2547 ῦὲου

140 2578 245 2639 ταῦτα
265 2571 457 2642 ἀκούσαντα
477 2574 537 2643 τὸν
556 2572 816 2663 Μυκερῖνον,’
794 2602 839 2655 ας
859 2576 1134 2663 κατακεκριμένον

138 2666 202 2754 ήδη
215 2673 249 2736 οί
257 2670 398 2757 τοῦτον,
415 2673 522 2758 λῦχνα
536 2674 765 2761 ποιησάμενον
776 2670 937 2759 πολλοὶ,“
916 2698 1006 2755 οκιος
1019 2681 1132 2760 γίνοιτο

139 2762 219 2847 υῦξ,
247 2763 423 2886 ἀνήψαυτα
450 2767 553 2855 αὐτοὶ,
581 2778 692 2839 πίνειν
713 2798 748 2839 τε
770 2773 826 2839 καὶ
848 2766 1133 2857 εῦπαθέειν,ονελ
1091 2766 1107 2793 ”

138 2861 315 2951 ήμέρης
272 2889 350 2932 ουτε
363 2864 486 2945 νυκτὸς
502 2864 655 2956 ῦνιέντοι,
674 2876 707 2949 ἐς
721 2895 757 2937 τε
771 2894 811 2937 τα
800 2866 904 2937 ἕλεα
918 2866 1027 2938 καὶ
990 2894 1031 2939 τα
1046 2866 1133 2939 αλσει

139 2957 375 3046 πλανεόμενον,
394 2965 480 3031 καλ“
465 2990 521 3031 ινα
536 2966 747 3034 πυνθάνοιτο
760 2964 844 3033 εἶναι
856 2966 1060 3085 ἐνηβητήρια
1073 2968 1133 3033 ἐτι·

138 3053 335 3141 τηθεοίτατα.
351 3059 874 3148 ταῦταθὲέμηχανᾶτοέθίλων
839 3087 877 3129 το
889 3064 1053 3151 μαντήιον
1061 3076 1133 3145 ψει·

139 3151 284 3236 θόμενον
306 3149 516 3242 ἆποθέξαι,”
501 3183 558 3223 ινα
579 3163 614 3226 ολ
635 3158 788 3226 δυώδεκα
809 3164 882 3227 ἔτεα
903 3156 979 3228 ῦντλ
996 3162 1031 3241 ἐξ
1046 3160 1132 3229 ἐτέον

75 3278 122 3334 134
136 3249 348 3369 μένηται,αί
312 3252 484 3331 ανύκτες
510 3251 632 3341 ήμέραι
657 3254 863 3341 ποιεύμεναι.
905 3258 1085 3345 Πυραμίδα
1104 3250 1132 3321 66

137 3337 253 3413 καὶ
211 3369 308 3426 ουτος
324 3343 499 3416 ἀπελίπετο
516 3349 643 3420 πολλὰν
657 3353 786 3420 ἐλάσσω
800 3358 861 3420 τοῦ
875 3349 1019 3439 πατρὸς,
1040 3362 1130 3423 είκοσι
1167 3438 1171 3447 Ι

58 3448 196 3592 ss
