2354 3840
328 209 414 268 ΜΒ.
446 210 480 268 11.
516 208 616 267 cAP.
653 213 791 270 ιε-ει.
1000 203 1062 269 12⁵

56 370 111 437 έπλ
134 366 198 436 ῦύο
218 364 370 456 ἡμερέων
391 368 574 452 ἑκατέρωθι
598 362 699 453 ὁδὸν,
722 370 776 434 καὶ
791 374 897 434 πλεῦν
918 372 965 436 έτι
981 366 1062 435 τού·

55 490 120 534 του
139 466 195 533 καλ
213 468 365 534 έλασσον.
405 471 467 533 τοῦ
482 469 634 549 ποταμοῦ
652 462 688 532 ἀὲ
706 463 828 550 φύσιος
849 468 924 553 πέρι
940 462 1017 532 οῦτε
1031 490 1059 530 τι

57 570 127 632 τῶν
140 565 242 652 ίρέων
256 561 334 632 οῦτε
350 561 456 632 ἀλλον
477 559 618 642 ούῦενὸς
633 571 841 651 παραλαβεῖν
855 564 1044 649 έῦυνάσθηι

55 662 238 751 πρόθυμος
252 665 290 732 δέ
306 669 345 733 ἔα
360 664 441 733 τάδε
455 660 535 750 παρ’
559 659 673 731 αῦτῦν
686 665 877 749 πυθέσθαι,
900 662 920 731 ὅ
934 690 966 732 τι
981 690 1063 731 και--

57 766 187 850 έρχεται
210 763 273 849 μὲν
293 759 311 832 5
333 770 456 842 Νείλος
478 761 645 849 πληθύων
662 760 727 831 ἀπὸ
745 766 897 851 τροπέων
917 770 985 832 τῶν
999 773 1062 832 θε-

57 860 183 946 ρινέων
208 857 393 947 ἀρξάμενος
420 859 472 930 ἐπ’
495 857 614 929 έκατόν
633 858 775 948 ἡμέρας,
805 862 950 941 πελάσας
972 860 1003 930 5'
1030 866 1063 941 ές

57 958 119 1028 τὸν
146 956 298 1047 ἀριθμόν
318 959 450 1029 τούτων
476 967 544 1027 τῶν
567 957 719 1047 ἡμερέων
745 956 851 1028 ὀπίσω
876 959 1061 1049 ἀπέρχεται,

58 1055 253 1127 ἀπολείπων
283 1055 321 1125 τὸ
357 1057 519 1147 ῥέεθρον,
558 1055 642 1125 ὥστε
670 1055 796 1145 βραχύς
826 1055 886 1124 τόν
917 1065 1060 1144 χειμῶνα

58 1152 192 1222 ἅπαντα
203 1156 361 1225 διατελέει
379 1152 444 1224 έάν
458 1158 552 1243 μέχρι
563 1147 606 1222 οῦ
618 1148 712 1234 αῦτις
722 1158 873 1243 τροπέων
887 1161 955 1221 τῶν
965 1164 1063 1243 θερο-

56 1252 156 1321 υέων.
190 1253 321 1321 τούτων
335 1247 385 1322 τάν
400 1256 475 1342 πέρι
492 1250 632 1331 ούῦενός
650 1250 751 1320 οὐδέν
766 1249 836 1332 οἷός
850 1251 879 1320 τ’
899 1253 1061 1339 ἐγενόμην

58 1358 267 1439 παραλαβεῖν
292 1350 382 1437 παρά
407 1358 476 1421 τῶν
499 1357 712 1438 Αἰγυπτίων,
742 1353 902 1440 ἱστορέων
928 1347 1061 1436 αύτούς,

57 1446 180 1539 ἥντινα
205 1450 352 1537 δύναμιν
377 1446 478 1536 έχειῦ
499 1456 621 1528 Νεῖλος
645 1448 685 1516 τά
711 1453 854 1536 ἔμπαλιν
876 1452 1062 1536 πεφυκέναι

57 1556 129 1618 τῶν
142 1547 255 1618 ἀλλων
265 1556 432 1635 ποταμῶν.
463 1547 567 1618 ταῦτά
582 1574 617 1616 τε
634 1545 674 1635 δὴ
689 1545 730 1616 τά
744 1551 925 1636 λελεγμένα
939 1548 1063 1636 βουλό-

59 1672 162 1734 μενος
186 1649 309 1715 είῦέναι
330 1646 500 1735 ίστάρεον,
528 1649 584 1714 καὶ
606 1644 627 1713 5
646 1672 678 1714 τι
703 1645 809 1731 αῦρας
830 1643 1064 1725 ἀποπνεούσας

60 1753 187 1832 μοῦνος
202 1744 340 1814 πάντων
353 1750 513 1832 ποταμῶν
531 1741 572 1812 ού
586 1747 770 1831 παρέχεται.

46 1892 52 1899 -
133 1844 226 1916 Ἀλλ’
264 1846 431 1934 Ἑλλήνων
469 1846 532 1932 μέν
565 1869 654 1922 τινες
685 1843 837 1928 ἐπίσημοι
869 1836 1062 1925 βουλόμενοι
1077 1862 1112 1914 20

60 1950 221 2035 γενέσθαι
245 1953 366 2034 σοφίην
390 1948 504 2026 ἔλεξαν
530 1943 607 2032 περὶ
630 1946 689 2010 τοῦ
713 1939 835 2019 ύὸατος
852 1938 974 2006 τούτου
997 1962 1067 2027 τρι-

61 2054 186 2137 φασίας
221 2045 338 2134 ὁδούς,
380 2049 449 2114 τῶν
477 2042 537 2124 τάς
571 2041 633 2131 μὲν
668 2039 731 2108 550
757 2036 833 2107 055'
865 2036 945 2119 ἀξιῶ
979 2063 1064 2124 μνη-

26 2140 29 2144 ’
59 2155 186 2234 σθῆναι
207 2151 237 2215 εί
255 2143 298 2233 μέγ
323 2143 406 2214 ὅσον
426 2151 571 2264 σημῆναι
590 2142 797 2231 βουλόμενος
817 2147 955 2226 μοῦνον.
994 2144 1062 2205 τῶν

59 2243 194 2333 ηὲτέρη
212 2242 275 2328 μέν
295 2246 384 2328 λέγει
407 2239 486 2320 τοῦς
508 2244 637 2328 ἐτησίας
657 2237 802 2325 ἀνέμους
829 2235 973 2305 εἷναιί
937 2259 990 2302 ατ
960 2240 1063 2310 ίτίονς

60 2339 231 2428 πληθύειν
245 2337 305 2408 τὸν
326 2335 494 2426 ποταμὸν,
524 2339 717 2417 κωλύοντας
731 2338 764 2414 ές
778 2334 956 2403 θάλασσαν
971 2333 1064 2418 έκρέ-

61 2466 113 2510 ειν
145 2434 206 2506 τάν
237 2444 371 2506 Νείλου.
424 2437 585 2517 πολλάκις
617 2437 652 2503 55
684 2438 808 2520 έτησίαι
829 2433 891 2518 μέν
923 2426 986 2500 οῦκ
1016 2420 1065 2497 οῦν

61 2531 272 2621 έπνενσαν,ὁ
287 2536 323 2604 55
333 2543 455 2614 Νείλος
469 2532 574 2603 τάυτο
564 2531 765 2653 ἐργάζεται.
789 2527 872 2618 πρὸς
885 2533 932 2616 55,
950 2529 1064 2613 ετη·ίέ

61 2640 130 2702 σίαι
146 2639 246 2700 αίτιοι
259 2624 364 2719 ησαν,
386 2656 471 2720 γρην
484 2635 539 2701 καὶ
553 2627 632 2709 τοῦς
648 2627 771 2708 ἀλλους
785 2625 971 2715 ποταμούς,
990 2624 1064 2698 ὅσοι

60 2744 147 2802 τοῖσι
162 2730 308 2818 έτησίησι
324 2725 432 2797 ἀντίοι
454 2731 584 2817 ῥέουσι,
608 2724 730 2813 ὁμοίως
751 2725 891 2814 πάσχειν
905 2727 961 2793 καὶ
980 2722 1063 2792 κατά

60 2827 101 2897 τά
117 2825 203 2896 αάτά
218 2834 404 2920 τβΝείλω,
426 2831 624 2914 καὶμᾶλλον
640 2831 687 2894 ἔτι
703 2825 863 2916 τοσούτω,
882 2820 950 2913 ὅσῳ
967 2823 1064 2893 έλάσ-

61 2950 160 3007 σονες
175 2927 286 3006 ἐόντες
300 2924 524 3014 ἀσθενέστερα
539 2952 580 2994 τα
568 2923 743 3014 ῥεύματα
761 2890 968 3008 παρέχονται.
1003 2923 1065 2990 είσὶ

61 3031 98 3097 55
124 3028 241 3096 πολλοὶ
260 3026 361 3114 μέν’
346 3054 382 3095 εν
402 3035 442 3115 τῇ
459 3033 570 3116 Συρίη
587 3026 743 3110 ποταμοὶ,
773 3024 889 3089 πολλοὶ
910 3021 985 3087 δὲ’
968 3046 1005 3087 εν
1025 3047 1065 3109 τη

61 3123 192 3246 Λιβύη,
215 3130 250 3192 οἳ
264 3122 365 3192 οὐδέν
381 3131 514 3192 τοιοῦτο
535 3123 759 3208 πάσχουσι,ο
742 3115 815 3188 οἷόν
830 3146 861 3186 τι
877 3115 960 3186 καλ*
947 3143 964 3186 ο
982 3125 1065 3186 Νεῖ-

60 3232 130 3301 λος.
165 3219 211 3288 Ἦ
222 3218 288 3289 5’
271 3224 363 3310 ετέρη
379 3220 721 3309 ἀνεπιστημονεστέρη
739 3220 800 3304 μέν
816 3219 936 3285 έστι
897 3242 954 3302 της
971 3222 1065 3283 λελε-
1080 3227 1110 3278 21

59 3323 204 3410 γμέυης,
229 3320 319 3412 λόγῳ
343 3322 380 3388 55
403 3326 509 3389 είπεϊν
545 3318 800 3406 θωμασιωτέρη,
842 3313 1016 3403 ηλέγει’
999 3313 1063 3382 απὸ

59 3428 126 3492 τοῦ
142 3419 307 3493 Ὠκεανοῦ
324 3423 443 3509 ῥέοντα
460 3416 564 3488 αὐτὸν
578 3425 681 3486 ταῦτα
697 3421 928 3503 μηχανᾶσθαι,
951 3413 1010 3482 τὸν
1031 3411 1062 3481 5’
