2354 3840
348 227 433 286 LIB.
465 227 486 283 1.
520 225 617 283 CAP.
646 232 787 289 24-29.
1032 227 1069 288 13

63 404 139 470 σος,
157 382 238 469 μετὰ
254 385 291 452 δὲ
305 386 342 452 ἐν
356 385 449 471 μέρει
463 382 630 451 ἑκάστοισι
647 380 769 450 Ἰώνων
786 410 820 451 τε
837 388 892 453 καί
906 389 1068 470 Αἰολέων,

64 484 196 554 ἄλλοισι
210 482 312 564 άλλας
328 491 433 563 αἰτίας
450 486 638 569 ἐπιφέρων,
656 489 724 552 τών
739 482 801 570 μὲν
817 485 958 555 ἐδύνατο
973 489 1069 572 μέζο-

64 607 126 660 νας
139 589 393 668 παρευρίσκειν,
409 583 528 666 μέζονα
543 577 798 662 ἐπαιτιεόμενος,
809 596 894 650 τοῖσι
909 581 944 650 δὲ
956 579 1068 650 αὐτῶν

64 684 120 749 καί
134 687 247 767 φαῦλα
261 683 438 768 ἐπιφέρων.
463 677 521 757 Ὡς
537 678 573 746 δέ
588 676 653 765 ἄρα
669 682 704 746 οἰ
716 681 753 746 ἐν
767 687 805 768 τῇ
817 678 1067 769 ’ΛσίηἝλληνες
1078 699 1110 756 ‘21

64 782 314 868 κατεστράφατο
337 785 371 860 ἐς
392 780 504 866 φόρον
526 775 728 864 ἀπαγωγὴν,
751 777 788 845 τό
809 783 970 847 ἐνθεῦτεν
993 783 1068 847 έπε-

64 881 140 948 νόεε
156 881 231 957 νέας
246 878 469 966 ποιησάμενος
480 878 676 962 ἐπιχειρέειν
686 890 771 943 τοῖσι
783 878 972 965 νησιώτῃσι.
990 877 1068 945 ἐόν-

63 1005 132 1047 των
153 979 191 1044 δέ
208 982 242 1044 οί
262 976 399 1044 πάντων
422 978 563 1061 ἑτοίμων
586 976 619 1052 ἐς
640 973 702 1060 τὴν
720 984 926 1062 ναυπηγίην,
951 981 985 1043 οἰ
1005 976 1067 1061 μὲν

63 1084 188 1146 Βίαντα
201 1077 336 1160 λέγουσι
352 1073 413 1142 τόν
428 1075 577 1160 Πριηνέα
592 1070 798 1158 ἀπικόμενον
821 1076 854 1153 ἐς
868 1073 1012 1166 Σάρδις,
1035 1078 1069 1140 οἰ

63 1175 100 1243 δὲ
115 1169 283 1242 Πιττακόν
305 1170 365 1238 τόν
381 1164 632 1256 Μυτιληναῖον,
655 1175 831 1257 εἰρομένου
848 1177 997 1258 Κροίσου
1037 1180 1070 1238 εἰ

62 1301 93 1341 τι
113 1284 161 1360 εἰη
178 1270 343 1356 νεώτερον
363 1272 439 1356 περὶ
453 1267 681 1356 τὴνἙλλάδα,
704 1270 840 1337 εἰπόντα
860 1270 940 1338 τάδε
962 1295 1065 1337 κατα-

62 1379 189 1439 παῦσαι
211 1369 273 1458 την
292 1375 500 1455 ναυπηγίην·
528 1361 567 1434 Ὦ
595 1374 751 1454 βασιλεῦ,
781 1374 938 1456 νησιῶται
960 1369 1064 1433 ἵππου

62 1473 289 1537 συνωνέονται
311 1474 453 1553 μυρίην,
478 1468 510 1544 ἐς
534 1465 662 1547 Σάρδις
683 1489 718 1532 τε
741 1466 796 1532 καί
816 1466 868 1532 ἐπί
883 1463 920 1532 σὲ
935 1469 1064 1550 ἔχοντες

62 1565 428 1654 ἐννόῳστρατεόεσθαι.
446 1571 594 1648 Κροῖσον
610 1561 646 1630 δὲ
661 1565 839 1630 ἐλπίσαντα
853 1565 962 1648 λέγειν
978 1564 1064 1629 ἐκεί-

61 1689 125 1731 νον
145 1660 273 1749 ἀληθέα
313 1668 433 1729 εἰπεῖν·
465 1665 512 1728 Αἰ
531 1659 710 1747 γάρτοῦτο
727 1660 994 1748 θεοίποιήσειαν
1010 1663 1064 1728 έπί

62 1765 145 1832 νόον
159 1760 356 1850 νησιώτῃσι,
372 1764 485 1830 ἐλθείν
502 1764 555 1829 έπί
567 1765 692 1828 Λυδῶν
708 1764 827 1838 παῖδας
843 1757 907 1826 σόν
921 1762 1061 1828 ἵπποισι.

64 1860 134 1930 Τόν
151 1861 187 1929 δὲ
204 1859 417 1947 ὑπολαβόντα
432 1859 556 1944 φάναι·
577 1853 616 1926 Ὠ
632 1865 787 1946 βασιλεῦ,
804 1859 989 1945 προθύμως
1005 1882 1062 1943 μοι

62 1967 198 2045 φαίνεαι
224 1958 385 2039 εὔξασθαι
415 1957 579 2043 νησιώτας
608 1958 853 2041 ἰππενομένους
881 1963 996 2043 λαβεῖν
1026 1956 1063 2021 ἐν

63 2057 203 2146 ἠπείρῳ,
225 2054 339 2123 οἰκότα
360 2060 514 2149 ἐλπίζων·
549 2053 711 2141 νησιώτας
727 2053 763 2120 δέ
783 2060 817 2121 τί
829 2057 954 2132 δοκέεις
970 2052 1063 2139 εὔχε-

60 2168 145 2224 σθαι
160 2154 240 2224 ἄλλο
257 2151 279 2241 ἢ
288 2206 298 2241 ,
324 2157 433 2223 ἐπείτε
447 2153 583 2238 τάχιστα
598 2151 769 2220 ἐπύθοντό
784 2171 821 2218 σε
836 2155 998 2237 μέλλοντα
1010 2156 1062 2219 ἐπὶ

60 2259 158 2340 σφίσι
171 2253 419 2338 ναυπηγέεσθαι
441 2254 533 2336 νέας,
556 2257 672 2337 λαβεῖν
692 2245 865 2336 άρεόμενοι
875 2249 1009 2329 Λυδοὺς
1025 2255 1062 2317 ἐν

62 2349 226 2438 θαλάσση,
244 2351 301 2415 ἵνα
315 2345 400 2430 ὑπὲρ
417 2355 485 2414 τών
502 2351 539 2414 ἐν
555 2355 595 2436 τῇ
609 2344 734 2438 ἠπείρῳ
750 2351 936 2435 οἰκημένων
945 2348 1061 2435 Ἐλλη-

63 2477 133 2518 νων
152 2454 310 2516 τίσωνταί
329 2467 385 2532 σε,
407 2443 487 2524 τούς
508 2443 551 2512 σύ
575 2445 748 2523 δουλώσας
770 2451 869 2531 ἔχειςς
903 2447 1008 2533 κάρτα
1029 2471 1064 2512 τε

63 2547 209 2638 ἡσθῆναι
226 2554 372 2634 Κροίσου
393 2553 438 2636 τῷ
463 2544 623 2635 ἐπιλόγῳ,
649 2550 707 2611 καί
725 2549 765 2631 οἰ,
777 2550 978 2633 προσφυέως
999 2544 1064 2631 γάρ

60 2647 157 2726 δόξαι
176 2646 304 2729 λέγειν,
329 2642 535 2728 πειθόμενον
565 2641 760 2709 παύσασθαι
789 2648 847 2729 τῆς
867 2651 1061 2730 ναυπηγίης.

60 2747 117 2812 καί
142 2741 229 2809 οὕτω
254 2755 339 2808 τοῖσι
364 2739 423 2818 τὰς
450 2741 575 2826 νήσους
604 2742 808 2826 οἰκημένοισι
820 2740 913 2811 Ἴωσι
940 2748 1065 2829 ξεινίην

61 2837 283 2924 συνεθήκατο.
315 2838 451 2924 Χρόνον
473 2837 509 2906 δὲ
531 2840 767 2923 ἐπιγινομένου
789 2844 843 2908 καί
860 2863 1111 2928 κατεστραμ-ςη

60 2945 174 3029 με’-νων
195 2935 315 3024 σχεδόν
328 2938 465 3007 πάντων
486 2945 554 3033 τών
569 2936 790 3017 έντόςἎλυος
804 2948 956 3026 ποταμοῦ
971 2947 1065 3028 οἰκη-

60 3042 173 3126 μένων
200 3034 301 3124 ·πλην
326 3035 391 3122 γάρ
417 3044 566 3104 Κιλίκων
596 3039 651 3104 καί
676 3043 813 3105 Λυκίων
837 3035 916 3117 τοὺς
943 3036 1065 3116 ἄλλους

60 3134 188 3213 πάντας
199 3131 258 3201 ὑπ’
273 3135 384 3224 ἑωυτῷ
397 3132 461 3224 εἶχε
473 3134 783 3221 καταστρεψάμενος
796 3131 814 3202 ὁ
825 3142 987 3223 Κροῖσος·
1003 3143 1066 3207 εἰσί

61 3232 99 3300 δέ
114 3235 200 3318 οἵδε,
217 3234 360 3318 [Λυδοί,]
377 3233 525 3320 Φρύγες,
544 3235 670 3317 Μυσοί,
687 3231 935 3320 Μαριανδυνοί,
949 3236 1066 3303 Χάλυ-

60 3339 135 3419 βες,
160 3328 400 3415 Παφλαγόνες,
426 3330 567 3417 Θρήικες
591 3334 624 3398 οί
643 3336 752 3398 Θυνοί
774 3357 809 3398 τε
834 3334 889 3399 καί
908 3335 1064 3420 Βιθυνοὶ,

63 3421 331 3515 Κᾶρες,”ἰωνες,
354 3430 516 3515 Δωριέες,
542 3431 695 3516 Αἰολέες,
721 3428 917 3515 Πάμφυλοι·
966 3444 1111 3505 κατε-29
