2354 3840
337 193 420 250 ΗΒ.
452 194 473 249 1.
508 191 607 249 cAP.
640 197 782 253 14-19.
889 215 892 223 ’
1041 188 1070 248 9-

23 342 39 377 ”
54 359 125 423 τοῖν
140 350 256 438 ἀγρῶν
271 349 349 420 οὔτε
363 353 544 473 κατέβαλλε
559 349 639 420 οὔτε
656 352 840 437 ἐνεπίμπρη
855 351 934 420 οὔτε
950 352 1069 438 θύρας

53 454 205 540 άπέσπα,
222 459 260 522 ἐα
274 442 312 521 δέ
329 449 412 520 κατά
430 452 544 538 χάρηυ
560 452 711 520 έστάναι·
735 477 752 518 ο
740 449 860 520 Ἡδὲ
819 478 859 519 τα
873 477 909 518 τε
923 455 1063 533 δένδρεα

10 592 41 695 3
36 557 110 624 καί
127 548 189 619 τὸν
203 547 335 636 καρπὸν
359 547 420 618 τὸν
441 552 479 617 ἐν
492 557 532 638 τῇ
546 556 589 638 γῇ
606 547 693 628 ὅκως
708 553 933 637 διαφθείρειε,
955 546 1063 616 άπαλ-

10 730 12 737 Α
10 651 195 720 λάσσετο
207 646 322 717 ὀπίσω.
349 655 408 734 τῆς
423 673 489 767 γαρ
504 648 680 733 θαλάσσης
694 651 728 714 οί
740 647 904 734 Μιλήσιοι
920 645 1061 732 ἐπεκρά-

51 775 148 835 τεον,
171 746 255 815 ὥστε
275 749 416 834 ἐπέδρης
436 774 481 834 μη
470 746 586 815 εἶναι
601 752 703 834 ἔργον
718 773 759 834 τη
772 754 918 836 στρατιη.
951 744 1010 825 τάς
1026 748 1063 814 δὲ

52 855 160 931 οίκίας
175 872 218 915 ου
207 842 412 934 ’κατέβαλλε
425 843 563 922 ὁΛυδός
574 847 728 912 τῶνδε“
697 869 835 931 ειυεκεν,
852 842 939 923 ὅκως
956 849 1063 929 ἔχοιεν

52 949 219 1014 ἐνθεῦτεν
242 941 442 1031 ὁρμεόμευοι
464 943 527 1031 την
547 951 613 1030 γῆν
635 950 785 1027 σπείρειν
800 969 835 1010 τε
852 945 907 1011 καὶ
928 945 1063 1030 ἐργάζε-

52 1055 139 1113 σθαι
162 1047 196 1111 οί
210 1043 392 1130 Μιλήσιοι,
417 1039 519 1120 αὐτὸς
541 1045 576 1109 δὲ
599 1045 737 1110 ἐκείνων
752 1043 981 1127 ἐργαζομένων
994 1046 1062 1126 ἔχοι

49 1167 85 1210 τι
101 1143 157 1207 καί
172 1146 327 1208 σίνεσθαι
338 1141 520 1228 ἐσβάλλων.
548 1146 659 1207 Ταῦτα
673 1142 798 1207 ποιέων
812 1142 970 1225 ἐπολέμεε
985 1144 1058 1206 ἐτεα
1073 1152 1111 1207 18

51 1243 191 1325 ἕνδεκα,
221 1241 258 1306 έν
281 1253 367 1307 τοῖσι
389 1238 546 1325 τράματα
567 1237 696 1323 μεγάλα
722 1235 862 1322 διφάσια
883 1241 1062 1320 Μιλησίων

50 1340 197 1424 ἐγένετο,
215 1343 254 1406 ἐν
268 1363 304 1405 τε
317 1343 489 1426 Λιμενηίῳ
503 1335 614 1421 χάρης
627 1341 685 1420 τῆς
699 1335 860 1419 σφετέρης
877 1336 1062 1419 μαχεσαμέ-

51 1460 127 1503 νων
147 1437 202 1501 καὶ
222 1436 260 1503 ἐν
277 1435 483 1520 Μαιάνδρου
497 1437 609 1523 πεδίῳ.
640 1430 680 1500 τὰ
695 1434 757 1517 μέν
779 1457 844 1498 νυν
859 1434 892 1512 ἐξ
907 1437 980 1500 ἐτεα
995 1438 1062 1498 τῶν
1131 1455 1134 1459 ·

54 1540 179 1607 ἕνδεκα
204 1535 403 1623 Σαδυάττης
429 1529 607 1624 δ”Αρδυος
633 1538 679 1601 ἐτι
702 1535 828 1602 Λυδῶν
853 1525 933 1617 ἦρχε
959 1527 977 1598 ὁ
1003 1530 1060 1598 καί

54 1635 210 1723 έσβαλών
242 1641 423 1722 τηνικαῦτα
453 1637 486 1714 ές
516 1633 579 1721 την
603 1637 774 1719 Μιλησίην
804 1629 865 1716 τὴν
893 1629 1058 1717 στρατιήν.

54 1731 156 1817 οὗτος
186 1737 251 1825 γὰρ
286 1736 341 1804 καὶ
370 1729 388 1804 ὁ
414 1735 474 1803 τὸν
498 1732 645 1821 πόλεμον
672 1726 716 1819 ἦν
747 1729 915 1812 συνάψας·
950 1728 990 1797 τά
1022 1728 1060 1796 δὲ

50 1838 154 1901 πέντε
177 1842 245 1902 τῶν
266 1837 367 1904 ἐτέων
388 1832 428 1901 τά
450 1834 596 1919 ἑπόμενα
616 1846 702 1900 τοῖσι
716 1835 750 1911 ἓξ
761 1829 939 1917 Ἀλυάττης
954 1829 971 1897 ὁ
988 1839 1061 1899 Σα·

51 1931 205 2001 δυάττεω
220 1935 392 2023 ἐπολέμεε,
409 1930 446 2011 ὃς
460 1931 741 2018 παραδεξάμενος,
760 1927 805 2009 ὡς
824 1936 879 1999 καὶ
895 1931 1061 2017 πρότερόν

48 2057 114 2119 μοι
130 2031 326 2118 δεδήλωται,
350 2029 441 2118 παρὰ
458 2039 520 2099 τοῦ
533 2029 658 2118 πατρὸς
672 2029 732 2098 τόν
746 2031 895 2118 πόλεμον
907 2047 1061 2118 προσεῖχε

49 2132 285 2214 ἐντεταμένως.
315 2145 403 2198 τοῖσι
425 2132 461 2198 δέ
476 2137 672 2217 Μιλησίοισι
696 2127 839 2216 οὐδαμοί
856 2129 979 2200 Ἰάνων
1001 2129 1062 2199 τὸν

49 2229 205 2312 πόλεμον
224 2234 346 2295 τοῦτον
362 2230 685 2315 συνεπελάφρυνον,
706 2225 757 2295 ὅτι
779 2225 823 2313 μὴ
837 2237 914 2297 Χῖοι
928 2237 1059 2315 μοῦνοι.

50 2318 151 2397 οὗτοι
166 2324 202 2392 δὲ
216 2321 254 2392 τὸ
270 2322 390 2411 ὁμοῖον
404 2324 686 2404 ἀνταποδιδόντες
701 2326 899 2419 ἐτιμώρεον·
925 2333 980 2397 καὶ
995 2327 1060 2415 γάρ

48 2424 96 2512 δὴ
119 2424 284 2512 πρότερον
306 2429 341 2493 οί
360 2427 524 2513 Μιλήσιοι
543 2441 629 2495 τοῖσι
650 2432 762 2494 Χίοισι
783 2425 844 2494 τὸν
863 2426 949 2513 πρὸς
964 2426 1061 2510 Ἐρυ-

48 2519 200 2607 Ιθραίους
215 2523 363 2609 πόλεμον
377 2526 626 2613 συνδιήνεικαν.
660 2532 714 2615 Τῷ
729 2529 765 2592 δὲ
781 2528 979 2617 δυωδεκάτῳ
996 2533 1062 2594 ἔτει·
1072 2551 1107 2606 ις

49 2626 153 2707 ληίου
176 2620 428 2706 ἐμπιπραμένου
453 2620 522 2690 ὑπὸ
546 2629 605 2709 τῆς
625 2629 780 2709 στρατιῆς
801 2631 1007 2712 συνηνείχθη
1028 2651 1059 2692 τι

48 2715 187 2786 τοιόνδε
207 2719 365 2800 γενέσθαι
389 2725 542 2806 πρῆγμα·
568 2718 613 2799 ὡς
633 2717 732 2806 ἅφθη
747 2721 882 2808 τάχιστα
896 2720 933 2790 τδ
951 2725 1058 2810 λήιον,

49 2813 167 2902 άνέμφ
183 2813 354 2899 βιωμενον
376 2814 485 2897 ἅψατο
507 2823 594 2904 νηοῦ
608 2815 787 2905 Ἀθηναίης
801 2823 974 2908 ἐπίκλησιν
984 2821 1059 2890 Ἀσ-

49 2917 186 2998 σησίης,
204 2908 328 2998 ἁφθεὶς
342 2917 379 2982 δέ
393 2911 411 2981 ὁ
427 2913 509 3000 νηδς
525 2917 728 3002 κατεκαύθη.
750 2920 805 2985 καὶ
819 2916 855 2986 τὸ
871 2925 1059 3003 παραυτίκα

49 3015 116 3102 μέυ
130 3010 232 3096 λόγος
247 3009 358 3092 οὐδεὶς
375 3015 523 3101 ἐγένετο,
549 3013 631 3101 μετὰ
647 3018 684 3083 δέ
697 3023 755 3101 τῆς
770 3025 923 3103 στρατιῆς
937 3014 1058 3084 ἀπικο-

49 3113 156 3198 μένης
176 3111 209 3187 ἐς
230 3110 358 3196 Σάρδις
368 3107 561 3196 ένοάσησεὸ
579 3109 765 3198 Ἀλυάττης.
796 3115 1001 3201 μακροτέρης
1022 3119 1061 3184 δέ

51 3212 88 3276 οί
107 3209 289 3294 γενομένης
308 3214 367 3294 τῆς
387 3209 517 3277 νοάσον
539 3213 661 3297 πέμπει
680 3213 713 3289 ἐς
729 3209 888 3297 Δελφοὺς
907 3214 1057 3300 θεοπρό-

49 3332 152 3432 πονςι
167 3316 232 3375 είτε
242 3305 283 3395 δη
295 3310 612 3397 συμβουλεύσαντός
625 3335 695 3396 τευ,
714 3319 778 3378 είτε
792 3307 902 3378 καὶ’
861 3337 950 3401 αυτηι
936 3316 1057 3393 ἔδοξε

49 3410 229 3490 πέμψαντα
249 3404 310 3474 τὸν
325 3406 413 3476 θεὸν
427 3411 619 3492 έπείρεσθαι
639 3410 714 3492 περὶ
731 3434 788 3493 της
804 3408 940 3475 νούσου.
972 3422 1056 3477 τοῖσι
