2354 3840
329 187 416 244 ΗΒ.
448 186 469 241 Ι.
503 183 604 243 cAP.
639 188 811 245 173-166
1033 186 1075 248 98

56 363 122 430 σφι
137 349 242 411 τοῦτο
258 344 399 428 ἐγένετο.
423 334 519 411 οὗτοι
529 347 597 408 τῶν
611 343 687 430 περὶ
698 346 830 429 Καρίην
844 339 980 432 ἀνδρῶν
989 351 1076 431 μοῦ-

57 450 120 515 νοί
126 472 165 514 τε
177 442 338 569 ἀντέσχον
341 440 496 555 χρόνον“’
493 438 645 537 Ᾱρπόμμ
656 444 711 510 καλ
722 442 898 565 πρήγματα
909 446 1075 534 παρέσχον

56 552 221 631 πλείστα,
240 534 348 661 οὖρος
341 534 620 649 τειχίσαντες,
588 548 634 609 τῶ
650 537 780 641 οὕνομα
773 543 865 612 ’ἐστι
879 547 973 632 Λίδη.
1003 551 1078 633 Πη-
1094 563 1146 619 17⁶

58 644 183 722 δασέες
204 645 317 729 μένΙ
282 670 350 712 νυν
351 645 476 767 χρόνω
498 609 736 764 έξαιρέθησαν,
757 644 881 731 Λόκιοι
898 644 999 733 66,‘
978 674 1022 727 63
1043 650 1077 728 63

58 772 99 813 το
85 738 279 841 Ξάνθιον
284 732 403 814 πεδίον
412 736 544 867 66666
529 771 548 812 ο
562 740 774 864 ’Ἁρπριχος
740 769 801 810 τον
811 741 965 833 στρατόν,
981 748 1077 827 έπεξ-

57 851 178 925 ιόντες
187 842 256 914 καλ
270 836 454 939 μαχόμενοι
468 840 582 930 όλίμοι
595 838 680 930 πρός
693 839 880 921 πολλοδς’
860 839 979 932 αρετδς
995 842 1077 913 ἀπε-

60 936 267 1031 δείκνυντοῇ
283 932 486 1066 ἑσσωθέντες
503 945 539 1010 δὲ
555 944 610 1009 καὶ
624 942 876 1039 κατειληθέντες
892 939 973 1023 ές
939 969 976 1012 το
992 942 1077 1012 6666

65 1044 258 1132 συνήλισαν
269 1030 348 1125 63
311 1069 374 1132 την
384 1038 570 1133 ακρόπολιν
580 1042 849 1131 ταςτεμυναίκας
861 1047 916 1113 καλ
925 1072 966 1113 τα
954 1042 1077 1117 τέκνα

67 1362 190 1420 σαντες
206 1330 262 1409 καλ
267 1324 575 1461 συνομόσαντες
541 1362 664 1457 ορκους
678 1284 828 1426 δεινοδς,
843 1339 1078 1419 ἐπεξελθόντες

68 1436 249 1509 ἀπέθανον
268 1420 391 1518 πόντος
405 1422 578 1523 Ξόνθιοι
566 1432 757 1524 μαχόμενοι.
785 1441 854 1504 τόν
870 1437 908 1506 66
928 1444 994 1505 νῦν
1007 1443 1081 1506 Λυ-

70 1545 157 1607 κίων
183 1526 344 1643 6666666
363 1534 523 1633 Ξανθίαν
549 1532 693 1603 εἶναιοὶ
711 1535 845 1621 πολλοὶ,
866 1531 955 1625 πλήν
971 1531 1080 1623 ὀγδό-

70 1663 177 1705 κοντα
194 1618 343 1731 666666,
366 1638 428 1705 είσλ
439 1622 622 1727 ἐπήλυδες·
652 1635 688 1700 ac
707 1630 745 1700 δὲ
767 1628 961 1720 ὀγδώκοντα
981 1640 1081 1703 ίστίαι

71 1727 173 1804 αὗται
187 1739 306 1856 ἔτυχον
319 1741 501 1855 τηνικαῦτα
518 1735 748 1819 έκδημέουσαι,
763 1730 874 1799 now
831 1758 920 1800 ουτοο
931 1737 1082 1821 περιεμέ-

71 1857 184 1901 νοντο.
207 1829 270 1925 τήν
286 1837 349 1920 μὲν
364 1826 409 1949 66
418 1826 611 1907 6660st
568 1855 657 1897 ουτω
668 1826 771 1909 ἔσχεὸ
781 1827 959 1919 Ἅρπαγος,
972 1856 1082 1910 παρα·

72 1926 277 2053 πλησίωςδδ
297 1924 409 2000 καὶ
371 1956 435 2017 την
455 1936 595 1999 Καῦνον
616 1929 706 2012 ἔσχε·
734 1932 845 1995 καί
805 1954 870 2016 γαρ
888 1937 923 1997 οί
936 1933 1079 1998 Καύνιοι

75 2028 155 2110 τοὺς
168 2035 317 2109 Λυκίους
334 2029 535 2118 ἐμιμήσαντο
550 2054 591 2096 τα
579 2025 703 2093 πλέω.

42 2183 47 2193 .
163 2137 223 2199 ΤΑ
246 2131 308 2218 μέν
324 2155 391 2197 νυν
413 2128 504 2198 κότιο
526 2134 584 2214 τῆς
602 2123 710 2211 Ἀσίης
726 2121 893 2211 ’Ἅρπαγος
914 2121 1083 2195 ἀνάστατα
1099 2144 1147 2202 177

76 2232 203 2316 έτοίεε,
218 2224 259 2296 τδι
275 2229 313 2297 δέ
327 2224 399 2296 666
415 2225 517 2317 αὐτῇς
528 2220 629 2302 αὐτὸς
642 2228 772 2342 Κήρος,
788 2229 856 2290 πᾶν
868 2228 969 2304 ἔθνος
979 2250 1081 2292 κατα-

74 2324 304 2446 στρεφόμενος
313 2327 369 2394 καλ
380 2321 481 2393 οὐδέν
492 2328 631 2410 παριείς.
653 2346 694 2388 τα
682 2317 770 2408 μέν
787 2347 853 2388 νυν
867 2318 979 2391 αυτόν
993 2325 1082 2392 πλέα

74 2423 289 2544 παρήσομεν,
296 2449 337 2491 τα
325 2419 390 2492 δέ
397 2428 431 2492 oc
440 2422 583 2545 παρέσχε
593 2419 702 2487 πόνον
711 2444 747 2485 τε
758 2426 913 2486 πλεῖστον
923 2423 977 2487 καὶ
988 2419 1082 2501 ἄξια-

74 2521 299 2645 6676666666
280 2520 391 2610 ’έστι,
412 2521 543 2589 τούτων
553 2517 789 2611 ἐπιμνήσομαι.
835 2523 949 2604 Κῦρος
976 2519 1084 2586 ἐπείτε
1100 2510 1151 2593 ιίθ

74 2620 116 2692 τᾶ
131 2620 243 2690 πάντα
259 2625 316 2707 τῆς
330 2615 471 2739 ήπείρομ
483 2612 657 2703 ὑποχείρια
668 2614 862 2703 έπονήσατο,
881 2612 1083 2704 Ἀσσυρίοισι

74 2724 258 2790 ἐπετίθετο.
299 2722 365 2804 Τής
391 2712 459 2783 δέ’
454 2720 628 2833 Ασσμρίής
652 2713 723 2782 έστλ
745 2713 809 2833 μέν
832 2739 893 2782 κου
916 2716 973 2782 καὶ
999 2713 1083 2784 ἄλλα

74 2822 262 2902 πολίσματα
285 2814 414 2901 μεγάλα
434 2810 560 2900 πολλὰ,
588 2810 625 2879 τὸ
654 2812 692 2879 δέ
715 2809 1005 2898 οὐνομαστότατον
1029 2814 1084 2879 καὶ

75 2912 313 3003 ίσχυρότατον,
331 2916 387 2981 καὶ
401 2918 488 2981 ἔνθα
499 2931 560 2998 σφι
572 2916 684 2980 Νίνου
699 2907 888 2977 ἀναστάτου
902 2913 1084 3030 γενομένης

77 3015 115 3085 τοὶ
133 3013 292 3103 βασιλήια
310 3010 522 3101 κατεστήκεε,
537 3003 581 3098 ήν
598 3014 831 3094 ΒΑΒΥΛΩΝ,
853 3010 954 3075 έοῦσα
967 3008 1101 3081 τοιαύ·,

76 3146 115 3206 τη
127 3115 172 3204 66
182 3140 233 3193 τις
244 3114 350 3193 πόλις.
373 3116 480 3182 κέεται
492 3113 530 3179 έν
540 3114 645 3238 66666
657 3108 807 3198 μεγάλῳ,
823 3109 970 3193 μέγαθος
982 3109 1083 3176 έοῦσα

76 3221 232 3336 μέτωπον
256 3217 397 3285 ἕκαστον
419 3222 525 3282 είκοσι
546 3214 602 3279 καὶ
628 3205 747 3277 εκατδν
771 3210 932 3294 σταδίων,
965 3206 1085 3294 ἐούσης

76 3311 307 3405 τετραγώνου·
330 3305 424 3382 ουτοι
440 3311 622 3380 στάδιοι
584 3336 641 3396 της
654 3308 869 3434 περιόδου
829 3333 887 3425 της
900 3305 1017 3423 πόλιος
1034 3308 1084 3389 ρι’

79 3439 195 3484 νονται
213 3410 422 3492 συναπαντες
445 3408 638 3498 όμδιόκοντα
653 3409 707 3474 καὶ
723 3403 939 3492 τετρακόσιοι.
962 3399 999 3468 τό
1021 3407 1084 3486 μεν
