2354 3840
226 182 311 241 ΗΒ.
346 183 377 237 11.
411 179 511 236 σοι).
548 183 774 253 ιιε-ωι,ι.
942 168 1003 236 175

32 369 96 413 ιαν
112 345 288 411 ἐπίστευον
302 343 337 406 οί
351 336 524 422 Ἕλληνες,
551 333 595 412 ὡς
609 336 671 421 μὲν
686 331 751 421 ἐμοὶ
764 334 903 421 μνάμην
917 332 1003 402 ἀπο-

32 448 170 527 άνομαι,
186 445 247 507 τοῦ
262 442 439 524 δαιμονίου
452 435 773 522 παρασκευάζοντος,
790 432 876 513 ὅκως
886 459 1001 503 πανω-
1032 468 1034 475 ·

32 547 115 628 θρίη
136 536 340 624 ἀπολόμενοι
361 534 549 619 καταφανὲς
568 539 666 600 τοῦτο
687 546 772 600 τοῖσι
790 529 1001 620 ἀνθρώποισι

33 637 177 724 ιη’σωσι,
201 631 245 714 ἀς
266 641 334 701 των
360 632 515 718 μεγάλων
538 628 753 719 ἀδικημάτων
776 631 917 718 μεγάλαι
939 632 1001 699 εἰσὶ

32 740 100 806 δαί
112 738 267 820 τιμωρίαι
281 729 373 819 παρά
393 737 461 798 τόν
480 737 583 799 θεῶν.
610 734 783 799 καὶταῦτα
798 733 860 818 μέν
874 738 914 819 τῇ
928 733 1000 818 ἐμοὶ

32 837 103 903 κέει
119 842 254 921 εἴρηται.
1112 870 1115 875 -

76 933 235 1019 Πρωτέος
256 931 292 998 δέ
316 931 512 1008 ἐκδέξασθαι
528 925 590 1014 τὴν
605 934 782 1016 βασιληίην
795 925 1000 1014 Ῥαμψίνι-
1013 943 1059 996 121

40 1058 63 1098 ν
83 1035 217 1115 ἔλεγον,
247 1025 283 1106 ός
304 1027 505 1116 μνημόσυνα
528 1029 655 1095 ἐλίπετο
676 1024 717 1094 τά
742 1027 934 1115 προπύλαια
958 1023 999 1093 τά

34 1125 76 1207 ὂς
92 1126 235 1212 ἑσπέρην
255 1129 462 1213 τετραμμένα
478 1122 782 1214 τούἩφαιστείον,
804 1123 938 1208 ἀντίους
963 1129 999 1196 δέ

36 1254 58 1294 ν
74 1232 295 1309 προπυλαίων
310 1229 425 1310 ἔστησε
436 1220 638 1311 ἀνδριάντας
653 1224 732 1309 δύο,
755 1223 870 1304 ἐόντας
884 1222 921 1293 τό
940 1228 999 1311 μέ-

32 1335 100 1402 θος
114 1326 212 1390 πέντε
228 1327 284 1391 καλ
298 1331 403 1390 είκοσι
416 1327 565 1410 πηχέων,
580 1329 648 1392 τῶν
661 1323 841 1414 Αἰγύπτιοι
862 1322 922 1392 τόν
936 1323 998 1411 μὲν

32 1418 76 1500 Ὶός
92 1425 200 1506 βορέω
230 1423 370 1488 ἑστεῶτα
386 1423 543 1489 καλέουσι
556 1425 674 1509 θέρος,
696 1420 757 1491 τόν
778 1425 814 1492 δὲ
833 1421 917 1512 πρός
937 1423 998 1491 νό-

32 1524 228 1605 νχειμαῖνα·
250 1520 304 1586 καὶ
324 1515 385 1585 τόν
404 1519 468 1603 μὲν
484 1513 641 1588 καλέουσι
660 1523 779 1607 θέρος,
800 1528 921 1590 τοῦτον
935 1521 997 1606 μέν

32 1616 244 1684 1οσκυνέουσί
255 1641 290 1683 τε
305 1617 360 1683 καὶ
386 1609 425 1682 εὖ
457 1619 603 1703 ποιεῦσι,
628 1611 687 1684 τόν
719 1617 755 1684 δέ
775 1624 920 1705 χειμῶνα
936 1644 997 1684 κοι-

32 1713 158 1800 όμενον
184 1711 224 1781 τά
254 1718 396 1800 ἔμπαλιν
428 1713 557 1780 τούτων
581 1715 725 1799 ἔρδουσι.
779 1721 934 1784 Πλοῦτον
960 1715 997 1782 δέ
1010 1735 1031 1775 α
1093 1741 1094 1744 ’

32 1812 100 1903 ότφ
114 1818 159 1901 τῷ
175 1812 307 1899 βασιλέι·
316 1811 476 1897 γενέσθαι
491 1807 643 1897 ἀργύρου
659 1813 780 1896 μέγαν,
802 1810 862 1880 τόν
874 1809 996 1880 οὐδένα

32 1920 59 1981 ἰν
79 1909 223 1999 ὕστερον
246 1911 495 1998 ἐπιτραφέντων
514 1912 678 1996 βασιλέων
700 1908 868 1979 δύνασθαι
890 1906 996 1998 ὑπερ·

32 2012 157 2079 λέσθαι
177 2008 251 2078 οὐδ’
279 2007 377 2096 ἐργός
398 2011 520 2077 ἐλθεῖν.
554 2007 763 2095 βουλόμενον
778 2009 814 2076 δὲ
833 2004 938 2076 αὐτόν
959 2009 997 2075 ἐν

32 2115 158 2197 ’φαλείη
169 2113 209 2175 τά
220 2107 371 2195 χρήματα
381 2111 599 2193 θησαυρίζειν
611 2108 864 2192 οἰκοδομέεσθαι
875 2115 996 2192 οἴκημα

32 2217 146 2292 θινον,
167 2212 228 2273 τοῦ
244 2212 312 2272 τῶν
326 2211 446 2290 τοίχων
457 2207 517 2273 ἕνα
530 2208 563 2282 ές
576 2202 613 2272 τό
630 2209 691 2285 ἐξω
706 2205 806 2293 μέρος
822 2211 878 2291 τῆς
892 2208 997 2289 οίκίης

32 2332 92 2376 ειν.
114 2302 175 2372 Ιτόν
190 2304 226 2372 δὲ
242 2303 464 2392 ἐργαζόμενον
478 2304 739 2391 ἐπιβουλεύοντα
753 2304 832 2371 τάδε
845 2308 996 2389 μηχανά-

32 2420 93 2473 λαι·
115 2411 184 2473 τῶν
198 2410 307 2472 λίθων
321 2404 641 2489 παρασκευάσασθαι
656 2407 714 2470 ἕνα
729 2399 896 2489 ἐξαιρετὸν
912 2399 998 2468 εἶναι

42 2508 106 2571 τοῦ
114 2506 226 2585 τοίχου
240 2504 375 2588 ῥηιδίως
387 2503 443 2568 καὶ
457 2497 523 2568 ὑπό
539 2501 601 2568 δόο
617 2498 751 2588 ἀνδρῶν
762 2503 817 2567 καὶ
828 2496 893 2567 ὑπό
910 2496 994 2577 ἑνός.

32 2625 41 2677 ς
56 2598 92 2665 δέ
107 2599 304 2683 ἐπετελέσθη
319 2595 357 2665 τό
373 2607 509 2684 οίκημα,
530 2594 591 2665 τόν
603 2600 666 2682 μέν
679 2597 816 2685 βασιλέα
829 2601 997 2684 θησαυρί-

32 2723 52 2763 ιι
66 2693 107 2762 τά
122 2694 271 2782 χρήματα
292 2696 330 2762 ἐν
353 2691 461 2784 αὐτῷ,
482 2692 606 2780 χρόνον
622 2693 658 2762 δέ
672 2694 859 2779 περιιόντος
875 2691 936 2763 τόν
950 2700 1001 2762 οί-

32 2790 146 2875 ιδόμον
160 2792 235 2877 περὶ
255 2788 412 2876 τελευτὴν
433 2799 494 2857 τοῦ
519 2797 596 2877 βίον
612 2791 709 2860 ἐόντα
730 2789 1001 2861 ἀνακαλέσασθαι

32 2885 77 2966 ιάς
93 2889 214 2964 παῖδας
234 2884 411 2972 (εἶναιγὰρ
427 2889 516 2977 αὐτῷ
534 2887 628 2975 δύο),
650 2889 797 2959 τοάτοισι
814 2890 850 2957 δέ
870 2888 1000 2975 ἀπηγή-

32 2997 142 3070 ισθαι,
176 2981 220 3062 ὡς
245 2987 384 3052 ἐκείνων
406 2987 601 3072 προορέων,
634 2985 720 3064 ὅκως
743 2993 819 3074 βίον
843 2986 1001 3074 ἀφθονον

32 3103 115 3168 ωσι,
138 3079 329 3167 τεχνάσαιτο
348 3083 550 3168 οίκοδομέων
564 3079 625 3149 τόν
637 3080 815 3170 θησαυρόν
827 3089 888 3150 τοῦ
903 3090 1001 3170 βασι-

32 3184 90 3261 ἷος·
113 3183 244 3265 σαφέως
265 3177 294 3246 δ’
311 3177 442 3247 αότοῑσι
466 3180 575 3247 πάντα
596 3181 841 3266 ἐξηγησάμενον
861 3178 901 3248 τά
926 3182 1002 3268 περὶ

32 3292 62 3365 ἠν
88 3281 252 3364 ἐξαίρεσιν
276 3284 336 3346 τοῦ
356 3284 458 3345 λίθου
477 3280 597 3345 δοῦναι
615 3276 655 3345 τά
676 3281 778 3364 μέτρα
799 3274 920 3364 αὐτοῦ,
947 3281 1003 3346 λέ-

32 3404 121 3463 ιντα,
145 3375 189 3455 ὥς
209 3382 313 3443 ταῦτα
334 3375 618 3460 διαφυλάσσοντες
638 3382 749 3462 ταμίαι
769 3381 837 3442 τῶν
850 3376 1002 3462 βασιλέος

973 3506 1070 3628 Ι
