2354 3840
327 166 411 224 ιιε.
442 166 490 224 ιν.
524 165 622 223 τεν.
658 142 832 228 ιιι-ιιε.
1016 169 1078 232 οεε

60 341 146 410 τάδε
163 345 200 411 οί
215 335 352 430 ἀνδρες·
368 339 469 432 Ἡμῖν
487 342 553 412 είολ
569 341 632 431 μὲν
648 346 777 427 τοκέες,
797 341 861 409 εἰσὶ
878 339 917 410 δέ
935 339 1074 428 κτήσιες.

61 446 131 510 νῦν
155 433 204 510 οἷν
225 444 340 530 μηκέτι
368 448 497 511 πλεῦνα
527 442 650 532 χρόνον
672 442 749 529 ζόην
777 438 908 528 τοιήνδε
937 447 1075 529 έχωμεν,

61 539 142 610 ἀλλ’
174 539 379 623 ἀπελθόντες
402 546 436 622 ές
461 542 498 611 τδ
525 547 653 628 πλῆθος
679 541 921 628 διαιτεάμεθα,
950 548 1075 627 γυναί-

65 668 128 721 κας
150 638 187 710 δέ
207 638 325 728 έξομεν
344 638 447 729 ὑμέας
467 642 523 707 καὶ
544 635 693 725 οὐδαμας
713 637 823 720 ἀλλας.
868 642 914 708 Ac
931 640 966 708 δὲ
987 636 1071 726 πρός

64 738 172 806 ταῦτα
194 742 308 818 έλεξαν
329 738 424 806 τάδε·
452 733 564 823 Ἡμελς
588 730 651 804 οάκ
674 732 718 803 ἀν
739 738 929 824 δυναίμεθα
949 739 1071 806 οἰκέτιν

66 830 149 921 μετά
163 837 232 902 τῶν
245 833 417 921 ὑμετέρων
437 839 626 921 γυναικῶν·
651 830 693 900 οά
706 830 771 922 γάρ
792 834 832 903 τά
848 833 932 904 αάτά
948 835 1071 923 νόμαια

65 928 148 1020 ήμίν
162 956 198 999 τε
215 933 272 1000 καλ
293 934 440 1020 ἐκείνῃσί
458 933 535 999 ἐστι.
567 925 661 1016 ἡμεῖς
682 935 746 1018 μέν
764 933 945 1019 τοξεύομέν
963 958 998 1001 τε
1016 935 1071 1000 καὶ

66 1026 283 1115 ἀκοντίζομεν
305 1033 360 1099 καλ
381 1028 608 1114 ἱππαζόμεθα,
637 1033 718 1115 ἔργα
742 1031 779 1098 δέ
802 1032 982 1119 γυναικήια
1007 1028 1071 1099 οὐκ

67 1127 256 1214 ἐμάθομεν,
280 1133 316 1195 αἱ
335 1127 371 1194 δέ
386 1125 543 1214 ὑμέτεραι
563 1140 720 1211 μννασκες
740 1129 870 1195 τούτων
891 1130 953 1215 μὲν
969 1126 1070 1196 οὐδὲν

67 1230 135 1293 τῶν
143 1221 238 1312 ἡμεῖς
248 1228 466 1311 κατελέξαμεν
476 1226 619 1312 ποιεῦσι,
636 1228 717 1312 ἔργα
729 1226 766 1293 δέ
775 1227 955 1314 γυναικήια
970 1226 1071 1313 ἐργά-

67 1327 194 1409 ζονται,
216 1325 272 1392 καί
291 1327 453 1410 μένουσιν
468 1325 505 1391 ἐν
520 1328 595 1412 τῇσι
611 1320 771 1412 ἀμάξῃσι,
794 1320 867 1392 οὔτ’
884 1326 937 1392 ἐπὶ
956 1323 1070 1412 θήρην

66 1425 179 1488 ἰοῦσαι
193 1416 271 1487 οὔτε
291 1419 376 1511 άλλη
398 1418 538 1509 οὐδαμή.
572 1416 634 1488 οάκ
652 1415 696 1486 ἀν
713 1413 762 1488 ἀν
780 1425 969 1507 δυναίμεθα
984 1423 1071 1488 ἐκεί-

66 1537 144 1607 νησι
169 1519 411 1603 συμφέρεσθαι.
445 1514 520 1586 ἀλλ’
547 1520 578 1586 εἰ
601 1517 769 1605 βούλεσθε
793 1532 955 1605 γυναῖκας
983 1523 1070 1604 ἐχειν

66 1611 168 1702 ήμέας
195 1616 252 1684 καλ
276 1616 404 1688 δοκέειν
427 1614 514 1688 εἶναι
537 1623 679 1705 δίκαιοι,
712 1615 868 1696 ἐλθόντες
889 1612 1070 1702 παρδτούς

64 1712 180 1790 τοκέας
196 1709 376 1799 ἀπολάχετε
391 1718 459 1781 τῶν
478 1715 656 1800 κτημάτων
675 1711 713 1782 τὰ
730 1717 846 1802 μέρος,
869 1717 925 1783 καλ
940 1720 1069 1783 έπειτεν

64 1810 224 1888 ἐλθόντες
239 1816 399 1898 οἰκέωμεν
419 1808 471 1881 ἐπ’
494 1809 607 1898 ἡμέων
627 1803 760 1879 αὐτέων,
808 1810 1000 1879 Ἐπείθοντο
1015 1814 1070 1880 καὶ
1088 1829 1141 1884 115

64 1912 226 1993 ἐποίησαν
247 1914 350 1975 ταῦτα
372 1910 407 1977 οί
424 1916 603 1995 νεηνίσκοι.
653 1912 764 1980 ἐπείτε
788 1908 825 1976 δέ
845 1904 1069 1994 ἀπολαχόντες

67 2013 134 2076 τῶν
157 2004 333 2093 κτημάτων
358 2002 396 2074 κδ
423 2005 604 2094 ἐπιβάλλον
627 1997 738 2093 ήλθον
761 2001 870 2073 ὀπίσω
895 2002 985 2092 παρά
1010 2003 1069 2085 τάς

65 2211 135 2290 ἔχει·
153 2203 259 2292 φόβος
273 2231 309 2272 τε
329 2200 385 2274 καλ
406 2202 496 2292 δέος,
519 2203 604 2282 ὄντος
627 2201 689 2291 χρή
713 2206 835 2272 οἰκέειν
851 2207 889 2272 έν
912 2210 996 2296 τῷδε
1021 2211 1067 2297 τῷ

64 2301 177 2421 χάρμ,
198 2309 296 2370 τοῦτο
311 2301 373 2388 μὲν
388 2298 525 2390 ὖμέας’
506 2301 779 2388 ἀποστερησάσας
788 2307 951 2389 πατέρων,
967 2325 1066 2371 τοντο

66 2401 103 2469 δέ
116 2406 179 2486 τήν
189 2404 254 2486 γῆν
264 2397 329 2518 μήν
341 2399 504 2487 ὑμετέρην
519 2404 750 2488 δηλησαμένας
764 2401 880 2469 πολλά.
893 2399 967 2469 ἀλλ’
980 2401 1070 2470 ἰπεί-

63 2524 98 2564 τε
110 2492 243 2575 ἀξιοντε
256 2488 358 2583 ήμέας
368 2510 529 2582 γνναίκας
541 2504 643 2584 ἔχειν,
658 2497 738 2566 τάδε
752 2502 878 2567 ποιέετε
889 2495 985 2585 ἀμπ’
969 2513 1066 2619 ημῖν

66 2596 198 2680 φέρετε,
221 2598 469 2680 ἐξαναστέωμεν
483 2597 520 2663 ἐκ
540 2602 598 2681 τῆς
614 2602 675 2681 γῆς
691 2601 806 2682 τῆσδε,
825 2599 880 2665 καλ
895 2595 1067 2685 περήσαν-

62 2718 116 2774 τες
135 2692 262 2762 Τάναέν
281 2690 434 2781 ποταμὸν
453 2697 622 2780 οἰκέομεν.
671 2692 864 2787 Ἐπείθοντο
886 2700 942 2765 καὶ
962 2723 1066 2766 ταντα
1083 2711 1140 2767 116²

61 2797 97 2861 οί
105 2800 283 2880 νεηνίσκοι.
309 2791 484 2880 διαβάντες
495 2791 531 2860 δέ
544 2789 605 2860 τδν
619 2793 746 2862 Τάναον
762 2791 969 2880 ὁδοιπόρεον
978 2791 1066 2880 πρός
1142 2877 1153 2893 Ι

60 2887 158 2978 ἥλιον
172 2888 350 2979 ἀνίσχοντα
371 2899 474 2978 τριῶν
495 2892 558 2977 μὲν
570 2889 722 2979 ἡμερέων
742 2892 885 2963 ἀπὸτοῦ
902 2894 1065 2973 Τανάιδος

59 2983 161 3073 ὁδόν,
183 2991 286 3071 τριῶν
299 2989 335 3058 δὲ
352 2987 418 3057 ἀπὸ
432 2997 490 3078 τῆς
503 2997 620 3078 λίμνης
634 3000 692 3078 ’τῆς
703 2992 890 3080 Μαιήτιδος
905 2989 989 3081 πρδς
1003 2999 1065 3079 βο-

58 3082 179 3171 ρέην”
157 3112 292 3172 ανεμοι.
326 3082 530 3212 ἀπικόμενοι.
549 3086 586 3157 δέ
606 3092 639 3168 ἐς
658 3097 779 3159 τοῦτον
799 3090 860 3160 τὸν
876 3099 1002 3180 χῶρον,
1027 3093 1064 3159 ἐν

58 3186 105 3272 τῷ
125 3187 193 3250 νῦν
215 3191 445 3273 κατοικιάται,
466 3197 607 3274 οἰκησαν
627 3210 757 3258 τουτον.
788 3193 846 3259 καλ
863 3187 1012 3280 διαίτη’
993 3189 1060 3259 απὸ

59 3278 182 3349 τοότον
194 3285 348 3370 χρέονται
361 3310 401 3374 τη
386 3291 538 3374 παλαιή
552 3292 620 3352 των
629 3290 880 3373 Σαυροματέων
893 3293 929 3356 αί
940 3301 1061 3375 γυναι·

60 3403 129 3461 ε,ες
151 3380 208 3446 καὶ
231 3381 283 3447 ἐπὶ
309 3381 462 3468 θήρηνέ
462 3382 499 3450 π’
510 3385 907 3470 ἴππωνέκφοιτέουσαι
883 3413 952 3471 αμα
975 3399 1061 3453 τοῖσι
