2354 3840
348 243 434 299 ΗΒ.
469 245 510 299 111.
546 244 643 301 CAP.
679 251 817 306 19—23»
1025 246 1088 309 223

77 400 203 467 εἰδέναι
213 397 330 484 χάριν,
347 406 382 466 οἳ
394 396 456 466 οὐκ
468 400 520 466 έπί
532 398 615 467 νόον
625 399 790 486 τράπουσι
802 408 982 475 Αἰθιόπων
993 410 1086 476 παισί

75 502 142 587 γῆν
162 492 268 580 άλλην
288 502 521 582 προσκτᾶσθαι
545 503 585 585 τῇ
607 500 751 566 ἑωυτών.
800 507 911 569 Ταῦτα
933 506 969 570 δὲ
991 512 1084 582 εἰπας
1098 520 1133 574 ’λα

76 596 132 661 καί
148 590 239 672 άνείς
253 590 291 661 τό
308 593 408 674 τόξον
422 598 595 681 παρέδωκε
608 610 694 663 τοῖσι
708 593 837 682 ἥκουσι.
861 599 976 688 λαβών
994 604 1029 669 δὲ
1044 599 1081 669 τό

76 689 157 790 εἰμα,
174 691 211 760 τό
228 693 427 780 πορφύρεον
450 694 586 781 εἰρώτα,
609 693 674 762 ὅτι
692 705 742 782 εἰη
764 700 819 765 καί
836 695 923 779 όκως
942 724 1085 788 πεποιη-

75 795 189 876 μένον.
227 790 394 859 εἰπάντων
416 793 452 860 δὲ
480 801 548 861 τών
565 791 798 881 Ἰχθυοφάγων
834 793 897 884 τὴν
921 794 1082 886 άλήθειαν

74 895 224 977 περὶτῆς
245 892 424 978 πορφύρης
443 894 499 960 καί
520 899 577 977 τῆς
598 900 725 979 βαφῆς,
748 895 908 982 δολεροὺς
924 902 987 983 μὲν
1002 899 1082 979 τούς

74 987 282 1082 ἀνθρώπους
296 993 360 1074 ἔφη
376 987 471 1074 εἰναι,
487 988 608 1072 δολερά
624 990 660 1057 δὲ
676 988 788 1059 αὐτῶν
798 992 839 1061 τά
852 998 976 1082 εἵματα.
1000 997 1081 1063 δεώ-

73 1114 154 1175 τερα
168 1090 205 1155 δὲ
218 1084 280 1154 τόν
292 1088 438 1175 χρύσεον
459 1088 578 1175 εἰρώτα
593 1087 756 1171 στρεπτόν
769 1089 829 1159 τόν
846 1098 1080 1180 περιαυχένιον

72 1190 130 1258 καί
152 1186 193 1254 τά
219 1189 325 1267 ψέλια.
361 1188 588 1272 ἐξηγεομένων
612 1186 648 1254 δὲ
672 1193 741 1254 τών
762 1185 994 1276 Ἰχθυοφάγων
1019 1188 1079 1257 τόν

71 1285 201 1370 κόσμον
227 1282 339 1352 αὐτῶν
364 1282 506 1368 γελάσας
530 1280 547 1350 ὁ
575 1281 732 1370 βασιλεὺς
758 1288 813 1353 καί
833 1294 972 1372 νομίσας
994 1285 1083 1354 εἷναί

72 1405 160 1470 σφεα
180 1385 282 1459 πέδας
303 1379 389 1465 εἰπε,
414 1378 458 1458 ώς
478 1377 560 1466 παρ’
578 1383 732 1448 έωυτοίσί
746 1387 808 1449 εἰσι
823 1381 1077 1470 ῥωμαλεώτεραι

70 1483 203 1552 τούτων
216 1483 322 1549 πέδαι.
346 1476 459 1565 τρίτον
475 1480 510 1545 δὲ
527 1479 645 1567 εἰρώτα
659 1476 696 1546 τό
708 1482 834 1566 μόρον·
858 1482 1023 1551 εἰπάντων
1040 1481 1076 1549 δὲ

70 1588 128 1668 τῆς
150 1579 301 1664 ποιήσιος
324 1581 399 1663 πέρι
423 1578 478 1644 καί
499 1574 663 1661 ἀλείψιος,
690 1575 751 1645 τόν
766 1575 870 1647 αὐτόν
890 1580 994 1666 λόγον
1015 1579 1075 1647 τόν

69 1681 125 1747 καί
146 1679 221 1761 περὶ
241 1682 303 1743 τοῦ
325 1677 456 1760 εἵματος
471 1672 549 1743 εἰπε.
580 1672 624 1753 ώς
639 1673 675 1742 δέ
694 1677 727 1754 ές
747 1675 807 1744 τόν
825 1676 918 1746 οἶνον
938 1676 1073 1746 άπίκετο

68 1778 124 1860 καί
139 1775 283 1842 ἐπύθετο
299 1769 405 1839 αὐτοῦ
420 1769 482 1857 τὴν
498 1779 648 1858 ποίησιν,
672 1770 874 1860 ὑπερησθεὶς
891 1783 936 1866 τῷ
950 1775 1073 1860 πόματι

67 1876 233 1959 ἐπείρετο,
250 1868 271 1938 ό
285 1897 316 1937 τι
333 1895 368 1937 τε
383 1873 522 1937 σιτέεται
539 1867 557 1935 ὁ
573 1867 730 1955 βασιλεὺς
745 1871 934 1955 καίχρόνον
949 1870 1072 1940 ὁκόσον

66 1970 278 2059 μακρότατον
292 1966 379 2056 ἀνὴρ
394 1972 525 2053 Πέρσης
547 1966 628 2046 ζώει.
652 1970 686 2033 οἰ
701 1965 737 2034 δὲ
754 1970 922 2036 σιτέεσθαι
937 1971 999 2054 μὲν
1011 1965 1072 2034 τόν

66 2071 171 2157 άρτον
193 2067 289 2136 εἰπαν
304 2067 543 2153 ἐξηγησάμενοι
563 2073 631 2132 τών
648 2074 767 2153 πορών
784 2065 846 2154 τὴν
867 2068 989 2154 φύσιν,
1012 2063 1072 2152 όγ-

65 2168 219 2237 δώκοντα
235 2162 267 2232 δ’
290 2171 363 2233 ἔτεα
379 2165 453 2249 ζόης
468 2162 630 2251 πλήρωμα
648 2161 746 2251 άνδρὶ
760 2167 969 2252 μακρότατον
986 2188 1071 2249 προ-

64 2271 213 2349 κέεσθαι.
243 2261 327 2350 πρός
348 2270 451 2330 ταῦτα
473 2260 490 2329 ὁ
508 2269 638 2343 Αἰθίοψ
658 2269 722 2349 ἔφη
745 2261 846 2332 οὐδὲν
866 2265 1069 2352 θωυμάζειν,

65 2371 97 2434 εἰ
116 2362 303 2448 σιτεόμενοι
324 2360 454 2448 κόπρον
473 2365 546 2428 έτεα
569 2356 663 2443 όλίγα
686 2359 822 2438 ζώουσι·
844 2347 923 2428 οόδὲ
943 2360 1007 2445 γάρ
1026 2359 1069 2429 δν

63 2467 211 2530 τοσαῦτα
226 2459 396 2527 δύνασθαι
418 2457 512 2537 ζώειν
534 2460 653 2542 σφέας,
678 2462 708 2523 εἰ
726 2455 770 2544 μὴ
785 2464 831 2547 τῷ
848 2457 971 2544 πόματι
990 2455 1069 2526 άνέ-

64 2586 191 2648 φερον,
213 2559 350 2646 φράζων
370 2571 455 2625 τοῖσι
476 2554 726 2643 Ἰχθυοφάγοισι
746 2554 808 2622 τόν
828 2554 939 2623 οἰνον·
968 2565 1067 2624 τοῦτο

62 2657 129 2746 γάρ
147 2654 293 2733 ἑωυτοὺς
313 2653 379 2723 ὑπὸ
395 2658 553 2741 Περσέων
576 2656 767 2722 ἑσσοῦσθαι.
807 2653 1066 2744 Ἀντειρομένων
1082 2667 1116 2720 23

63 2761 101 2826 δὲ
118 2754 180 2826 τὸν
199 2759 337 2844 βασιλέα
358 2761 426 2823 τών
442 2752 674 2842 Ἰχθυοφάγων
693 2762 750 2841 τῆς
773 2755 846 2842 ζόης
866 2758 922 2824 καί
943 2761 1068 2844 διαίτης

63 2857 158 2943 πέρι,
181 2861 255 2924 ἔτεα
274 2854 338 2941 μὲν
358 2857 391 2932 ἐς
413 2863 520 2923 εἰκοσί
541 2882 577 2923 τε
600 2859 655 2924 καί
677 2856 795 2924 ἑκατόν
820 2855 898 2935 τούς
922 2856 1065 2935 πολλοὺς

63 2952 177 3023 αὐτῶν
199 2951 435 3039 άπικνέεσθαι,
458 2951 683 3040 ὑπερβάλλειν
704 2956 744 3021 δέ
764 2979 857 3031 τινας
878 2956 1066 3038 καὶταῦτα,

64 3059 194 3139 σίτησιν
208 3052 245 3118 δὲ
260 3049 344 3118 εἰναι
355 3051 442 3137 ,κρέα
465 3048 556 3136 ἑφθά
576 3054 630 3117 καὶ
649 3049 741 3135 πόμα
761 3050 856 3135 γάλα.
908 3056 1009 3137 θώμα
1030 3047 1067 3116 δέ

63 3151 276 3235 ποιευμένων
295 3153 365 3214 τών
380 3148 601 3215 κατασκόπων
616 3151 691 3233 περὶ
712 3155 779 3213 τῶν
800 3149 900 3214 ἐτέων
916 3149 968 3213 ἐπί
983 3148 1067 3232 κρη-

62 3277 128 3337 νην
142 3270 203 3336 σφι
216 3247 425 3337 ἡγήσασθαι,
443 3245 502 3316 ἄπ’
520 3241 561 3337 ἧς
572 3248 751 3335 λουόμενοι
761 3247 981 3335 λιπαρώτεροι
997 3251 1066 3333 ἐγί-

65 3373 182 3434 νοντο,
220 3344 365 3434 κατάπερ
396 3352 427 3412 εἰ
447 3349 559 3414 ἐλαίου
581 3359 647 3434 εἰη·
671 3346 758 3427 ὄζειν
772 3349 808 3418 δὲ
823 3344 881 3414 ἀπ’
899 3345 1001 3432 αὐτῆς
1021 3342 1066 3426 ὡς

67 3462 94 3517 εἰ
108 3457 180 3517 ἰων.
203 3443 345 3522 ἀσθενὲς
360 3445 397 3512 δέ
411 3443 448 3512 τό
466 3444 558 3531 ὕδωρ
574 3455 630 3533 τῆς
644 3446 768 3536 κρήνης
782 3447 903 3533 ταύτης
920 3445 1116 3600 σόνἱ
