2354 3840
127 223 169 286 98
500 229 752 288 HERODOTI

130 382 172 471 δή
188 385 225 453 έκ
236 384 362 472 βάθεος
376 386 608 472 περιεβάλετο,
630 379 763 471 τοιήνδε
778 389 814 454 δὲ
828 389 861 468 ἐξ
876 386 989 457 αὐτῶν
1003 413 1122 473 παρεν-

129 481 243 569 θήκην
258 483 445 569 ἐποιήσατο.
468 489 526 568 τῆς
540 481 656 560 πόλιος
670 482 789 569 ἐούσης
804 484 866 551 θύο
878 487 1055 571 φαρσέων,
1069 491 1124 551 τοῦ

130 578 167 644 δὲ
179 582 332 663 ποταμοῦ
345 578 448 661 μέσου
463 581 610 662 ἔχοντος,
627 578 680 644 ἐπὶ
693 584 761 644 τόν
774 579 941 667 πρότερον
951 584 1123 667 βασιλέων,

129 672 215 751 ὅκως
229 699 278 752 τις
292 674 403 742 ἐθέλοι
419 674 455 740 ἐκ
466 679 527 739 τοῦ
538 673 655 757 ἑτέρου
669 673 815 759 φάρσεος
831 676 865 753 ἐς
878 674 1040 760 τοῦτερον
1056 680 1122 744 θια-

129 773 249 853 βήναι,
270 776 354 856 χρῆν
368 775 473 858 πλοίφ
494 772 688 854 διαβαίνειν.
712 772 767 837 καὶ
785 763 846 856 ήν,
868 769 912 849 ὡς
928 768 994 856 έγό
1011 773 1122 853 δοκέω,

130 863 275 954 ὀχληρὸν
288 873 395 935 τοῦτο.
419 865 503 953 αῦτη
518 864 555 934 θέ
567 868 622 933 καὶ
636 872 735 934 τοῦτο
749 872 898 955 κροείόε·
926 869 1037 937 έπείτε
1064 864 1122 954 γᾶρ

131 960 261 1048 ὤρυσσε
271 960 308 1030 τό
321 969 461 1049 έλυτρον
471 968 512 1050 τῇ
525 967 635 1050 λίμνη,
650 963 868 1049 μνημόσυνον
877 963 954 1031 τόόε
965 963 1048 1033 ἄλλο
1062 960 1121 1033 όπό

80 1094 83 1099 -
129 1063 189 1124 τοῦ
206 1055 311 1127 αὐτοῦ
324 1063 426 1144 έργου
440 1060 577 1126 ἐλίπετο.
610 1059 766 1145 ἐτάμνετο
780 1065 900 1138 λίθους
913 1061 1122 1149 περιμήκεας,

130 1151 175 1232 ὡς
191 1156 231 1221 of
242 1159 277 1221 οί
287 1147 375 1240 ήσαν
391 1159 424 1222 οί
436 1160 529 1222 λίθοι
543 1158 677 1241 ἐτοίμοι,
691 1157 747 1224 καὶ
757 1154 794 1223 τό
807 1162 930 1243 χωρίον
941 1153 1122 1245 όρύρυκτο,

130 1252 314 1337 ἐκτρέψασα
328 1259 390 1320 τοῦ
410 1261 561 1340 ποταμοῦ
576 1251 615 1321 τό
634 1257 778 1341 ῥέεθρον
797 1262 866 1323 πᾶν
881 1258 915 1335 ἐς
935 1254 974 1325 τό
997 1256 1122 1343 ὤρυσσε

130 1355 269 1436 χωρίον,
292 1353 329 1419 ἐν
345 1344 373 1439 ᾦ
386 1353 568 1437 ἐπίμπλατο
583 1357 698 1437 τοῦτο,
720 1354 758 1419 ἐν
777 1353 884 1443 τούτφ
899 1350 1123 1440 ύπεξηρασμέ·

131 1471 194 1515 υου
207 1453 268 1513 τοῦ
281 1444 421 1532 ἀρχαίου
432 1452 577 1536 ῥεέθρου
587 1455 685 1516 τοῦτο
700 1449 762 1536 μὲν
774 1446 814 1516 τό
826 1457 934 1535 χείλεα
948 1457 1010 1517 τοῦ
1025 1474 1122 1518 ποτα·

130 1552 196 1632 μοῦ
210 1542 293 1612 κατὰ
308 1543 370 1632 τήν
383 1548 484 1614 πόλιν
498 1551 552 1616 καὶ
566 1546 624 1626 τὰς
650 1548 827 1633 καταβόσις
852 1546 911 1627 τὰς
928 1551 965 1617 ἐκ
979 1556 1050 1617 τῶν
1061 1568 1122 1617 πυ-

130 1645 232 1710 λίδων
243 1641 276 1718 ές
287 1637 508 1729 τόνποταμόν
522 1644 692 1729 φερούσας
702 1641 945 1730 ἀνοικοδόμησε
954 1652 1122 1713 πλίνθοισι

133 1736 249 1824 ὀπτῇσι
262 1732 345 1802 κατὰ
360 1734 421 1805 τόν
440 1735 545 1806 αὐτόν
560 1739 664 1825 λόγον
685 1745 731 1830 τῷ
745 1746 859 1825 τείχεϊ,
879 1745 978 1807 τοῦτο
992 1739 1032 1809 δὲ
1045 1734 1122 1807 κατέ

131 1835 236 1918 μέσην
250 1857 314 1900 κου
326 1833 469 1919 μάλιστα
482 1831 546 1921 τήν
562 1835 664 1903 πόλιν
676 1848 762 1904 τοίσι
777 1841 920 1921 λίθοισι,
941 1832 1023 1913 τοῦς
1038 1830 1123 1919 ὀρό-

131 1933 227 2013 ξατο,
249 1929 420 2016 οίκοόόμεε
436 1933 608 2018 γέφυραν,
632 1936 754 2000 θέουσα
770 1929 848 2010 τοῦς
861 1940 981 2011 λίθους
1001 1931 1123 2019 σιῦήρμ

131 2049 165 2091 τε
185 2025 240 2090 καί
259 2025 425 2114 μολύβθφ.
456 2024 656 2095 ἐπιτείνεσκε
677 2028 714 2096 δέ
736 2026 788 2095 ἐπ’
807 2026 929 2115 αὐτήν,
956 2026 1046 2109 ὅκως
1066 2030 1123 2115 μὲν

130 2118 234 2208 ἡμέρη
247 2120 395 2205 γένοιτο,
417 2120 499 2200 ξύλα
520 2123 729 2210 τετράγωνα,
751 2121 804 2191 ἐπ’
828 2115 957 2210 όυτήν
969 2122 1123 2211 όιύβκσιν

132 2218 306 2283 έποιεῦντο
321 2221 356 2283 οί
367 2217 597 2303 Βαβυλώνιοι,
617 2216 677 2297 τός
690 2219 726 2287 δὲ
739 2219 863 2297 νύκτας
875 2215 916 2286 τὰ
927 2217 1012 2297 ξύλα
1025 2224 1123 2286 ταῦτα

131 2309 352 2396 ἀπαείρεσκον
370 2315 471 2379 τοῦδε
486 2315 631 2398 εἵνεκεν,
659 2316 716 2381 ἵνα
738 2311 782 2400 μή
806 2316 1053 2397 διαφοιτέοντες
1070 2305 1124 2387 τὰς

130 2408 254 2485 νύκτας
272 2408 445 2475 κλέπτοιεν
458 2405 539 2495 παρ’
566 2405 729 2495 ἀλλήλων.
753 2406 797 2486 ὡς
817 2407 853 2474 δέ
869 2404 907 2476 τό
927 2431 963 2473 τε
979 2403 1123 2493 ὀρυχθὲν

130 2509 230 2589 λίμνη
249 2503 376 2588 πλήρης
397 2502 550 2588 ἐγεγόνεε
570 2501 637 2571 ῦπό
657 2509 718 2571 τοῦ
739 2508 891 2586 ποταμοῦ
911 2503 966 2569 καὶ
988 2497 1030 2567 τὰ
1052 2500 1123 2585 περὶ

131 2595 191 2685 τήν
212 2602 365 2684 γέφυραν
389 2597 607 2684 έκεκόσμητο,
627 2597 689 2666 τόν
710 2595 894 2684 Εύφρήτην
917 2592 1071 2682 ποταμόν
1093 2596 1123 2673 ἐς

113 2691 169 2771 ,τᾶ
186 2690 305 2779 ἀρχαῖα
320 2695 443 2779 ῥέεθρα
466 2696 502 2762 ἐκ
522 2701 579 2780 τῆς
592 2701 710 2782 λίμνης
729 2695 883 2780 έξήγαγε·
904 2695 960 2761 καὶ
979 2688 1122 2761 οῦτυτό

130 2788 277 2877 ὀρυχθὲν
291 2791 364 2866 ἕλος
383 2790 568 2875 γενόμενον
589 2794 622 2870 ἐς
647 2794 725 2858 θέον
746 2792 859 2859 ἐδόκεε
876 2792 1053 2877 γεγονέναι
1072 2788 1123 2860 td

56 2897 110 2955 187
129 2900 212 2956 τοῖσι
227 2885 402 2972 πολιήτησι
415 2889 548 2972 γέφυρα
557 2880 602 2974 ήν
612 2888 908 2972 κατεσκευασμένη.
938 2882 983 2952 Ἡ
993 2882 1027 2952 θ’
1041 2872 1120 2969 πύτή

130 2984 214 3069 αῦτη
234 2988 384 3070 βασίλεια
407 2987 461 3052 καί
483 2982 613 3072 ἀπύτην
635 2983 769 3071 τοιήνδε
789 2981 864 3052 τινὰ
886 2980 1120 3073 έμηχανήσατο.

131 3080 216 3165 ὑπὲρ
230 3082 298 3148 τόν
311 3080 451 3166 μάλιστα
465 3084 649 3169 λεωφόρων
664 3085 798 3151 πολέων
811 3087 873 3147 τοῦ
886 3078 1003 3158 ἄστεος
1015 3078 1122 3167 τύφου

131 3181 236 3264 ἑωυτῇ
252 3178 514 3246 κατεσκευάσατο
538 3183 706 3267 μετέωρον
730 3180 887 3263 έπιπολής
908 3173 1038 3243 αύτέων
1058 3180 1122 3243 τόν

131 3279 280 3367 πυλέων,
302 3278 483 3358 ἐνεκόλαψε
497 3280 533 3346 όέ
547 3281 581 3356 ές
593 3277 654 3347 τόν
667 3279 777 3364 τόφον
790 3277 966 3363 γρόμματα
985 3278 1122 3361 λέγοντα

130 3373 224 3441 τόδε·
259 3379 359 3439 ΤΩΝ
372 3380 451 3442 ΤΙΣ
465 3371 598 3443 ἘΜΕῬ
609 3373 830 3444 ‘TETEPON
839 3380 871 3442 Γ
867 3376 1122 3442 ῙΝΟΜΕΝΩΝ
