2354 3840
133 153 196 222 104
511 155 764 216 HERODOTI

134 325 239 404 πλοίςο
264 316 343 400 ὅνος
369 315 585 402 ζωῦςένεστι,
614 318 651 384 έν
673 314 708 383 δέ
737 327 822 384 τοίσι
851 319 963 403 μέζοσι
988 320 1131 399 ultim
1161 330 1164 337 '

57 493 60 496 ,
135 413 238 485 ἐπεάν
260 410 310 486 οῦν
330 415 517 487 ἀπίκωνται
541 414 711 491 πλάοντες
736 414 770 492 ές
793 410 856 500 τήν
875 421 1068 504 Βαβυλῶνα
1088 414 1133 484 nd

136 518 337 586 διαθέωνται
350 513 411 585 τὸν
426 515 571 603 φόρτον,
587 513 709 598 νομέας
724 512 786 598 μέν
799 518 862 580 τοῦ
875 519 998 583 πλοίου
1012 515 1071 583 καί
1081 510 1133 600 τήν

136 613 289 702 καλάμην
300 620 412 681 πᾶσαν
423 609 482 681 ἀπ’
500 603 550 679 οἶν
560 608 744 698 ἐκήρυξαν,
758 606 818 688 τάς
834 609 870 677 δέ
888 611 1057 698 διφθέρας
1070 612 1133 681 ἐπι·

135 712 294 793 σάξαντες
305 712 358 779 έπδ
367 706 446 788 τοῦς
457 707 559 787 ὅνους
570 703 800 776 ἀπελαύνουσι
808 708 842 786 ές
851 704 930 787 τοῦς
937 703 1132 795 Ἀρμενίους.

136 807 202 878 ἀνά
224 805 284 876 τὸν
299 805 450 894 ποταμὸν
467 802 533 894 γάρ
550 801 590 893 δή
608 801 671 873 οῦκ
685 799 740 872 οἷά
753 806 793 872 τέ
804 806 873 873 έστι
885 803 1014 874 πλάσιν
1028 801 1134 873 οὐδενί

135 906 247 998 τρόπω
260 902 327 977 ὑπὸ
340 904 455 993 τάχεος
468 910 529 974 τοῦ
544 909 714 990 ποταμοῦ·
742 899 797 971 διά
810 900 876 992 γὰρ
889 911 994 973 ταῦτα
1007 905 1068 973 καί
1079 900 1133 973 οῦν

135 1009 172 1075 ἐκ
189 1005 299 1086 ξύλων
312 1011 485 1074 ποιεῦνται
498 999 539 1071 τὰ
549 1010 665 1089 πλοῖα,
681 997 750 1071 ἀλλ’
767 1003 803 1070 έκ
818 1005 1021 1091 διφθερέων.
1041 998 1134 1073 ἐπεάν

136 1105 172 1172 δέ
188 1101 267 1183 τοῦς
281 1101 383 1182 ὅνους
396 1101 594 1179 ἐλαύνοντες
608 1096 793 1168 ἀπίκωνται
808 1096 914 1167 ὀπίσω
929 1101 962 1178 ἐς
975 1097 1058 1180 τοῦς
1067 1097 1134 1187 Ἀρ-

134 1207 286 1288 μενίους,
308 1198 391 1270 ἄλλα
404 1199 519 1291 τρόπω
535 1204 581 1289 τῷ
597 1194 687 1289 αὐτῷ
702 1203 876 1264 ποιεῦνται
890 1207 1000 1268 πλολα.
1023 1195 1066 1267 τά
1079 1198 1133 1286 μέν

71 1315 121 1372 195
134 1296 174 1387 δή
190 1307 290 1368 πλοῖα
304 1294 436 1368 αῦτολσί
447 1300 515 1366 ἐστι
529 1301 684 1380 τοιαῦτα,
708 1297 824 1382 ἐσθῆτι
839 1295 876 1364 δὲ
889 1300 1002 1386 τοιῇδε
1021 1298 1132 1387 χρέου-

134 1423 198 1481 ται,
213 1403 336 1465 κιθῶνι
349 1397 529 1483 ποδηνεκέι·
538 1395 656 1485 λινέῳ·
678 1395 734 1461 καλ
747 1395 800 1463 ἐπὶ
809 1401 931 1463 τοῦτον
942 1393 1050 1465 ἄλλον
1060 1401 1134 1481 είρί·

133 1519 213 1563 νεον
224 1499 357 1561 κιθῶνα
368 1492 544 1561 ἐπενδύνει
555 1493 610 1561 καὶ
619 1497 792 1579 χλανίδιον
803 1491 927 1562 λευκὸν
937 1492 1134 1582 περιβαλλό·

132 1617 247 1680 μενος,
283 1588 481 1680 ὑποδήματα
505 1595 590 1677 έχων
620 1589 796 1678 ἐπιχώρια,
823 1592 1042 1682 παραπλήσια
1066 1600 1133 1684 τῇσι

52 1764 55 1769 ,
130 1693 313 1778 Βοιωτίῃσι
335 1687 464 1776 ἐμβάσι.
494 1690 667 1776 κομέοντες
690 1690 726 1756 δέ
749 1686 808 1769 τὰς
835 1687 983 1775 κεφαλάς
1006 1697 1133 1780 μίτρησι

131 1784 330 1857 ἀναδέονται
336 1835 346 1870 ,
367 1788 607 1872 μεμυρισμένοι
628 1793 697 1854 πᾶν
717 1783 753 1855 τὰ
777 1793 880 1873 σῶμα.
911 1786 1135 1877 σφρημλδαδέ

65 1966 69 1973 Ι
131 1887 267 1963 ἕκαστος
282 1889 347 1970 ἔχει
361 1885 417 1951 καί
430 1889 601 1969 σκῆπτρον
610 1889 860 1971 χειροποίητον·
886 1880 938 1952 ἐπ’
959 1885 1089 1976 ἑκάστφ
1102 1886 1135 1953 δέ

130 1982 286 2076 σκήπτρῳ
301 1988 412 2052 ἐπεστι
426 1986 653 2069 πεποιημένον
668 1979 690 2071 ή
706 1990 813 2070 μήλου
829 1979 970 2073 ήρόδου
982 1980 1005 2072 ή
1019 1992 1136 2071 κρίνον

128 2077 310 2171 ήαίετῦςή
333 2079 414 2150 ἄλλο
438 2107 486 2150 τι·
516 2081 600 2150 άνευ
613 2079 679 2170 γὰρ
701 2082 867 2170 ἐπισήμου
888 2079 932 2151 οῦ
952 2101 1015 2170 σφι
1036 2082 1136 2170 νόμος

129 2182 197 2249 ἐστὶ
208 2185 296 2265 ἔχειν
314 2184 494 2266 σκῆπτρον.
525 2176 611 2264 αῦτη
626 2178 689 2266 μὲν
709 2179 753 2267 δή
778 2199 839 2267 σφι
862 2177 991 2267 άρτισις
1009 2166 1135 2268 περλτέ

70 2294 117 2352 196
129 2275 224 2363 σῶμά
239 2276 325 2360 έστι,
347 2274 446 2362 νόμοι
460 2277 497 2343 δὲ
511 2272 642 2344 αῦτοῖσι
658 2268 722 2344 οἶδε
738 2278 945 2346 κατεστέασι·
970 2273 990 2346 ὁ
1004 2279 1070 2364 μέν
1080 2295 1136 2343 σο-

129 2373 282 2462 φάτατος
295 2369 353 2441 ὅδε
368 2369 453 2440 κατά
466 2374 607 2462 μνάμηυ
627 2371 690 2460 τήν
703 2371 885 2463 ἡμετέρην,
899 2382 946 2467 τῷ
967 2376 1025 2445 καὶ
1034 2373 1136 2447 Ἰλλυ-

129 2468 372 2563 ριῦνἘνετοῦς
387 2471 608 2560 πυνθάνομαι
628 2479 785 2559 χρᾶσθαι.
818 2470 902 2542 κατὰ
927 2473 1043 2560 κάμοις
1060 2468 1137 2540 ἑκά-

128 2592 207 2650 στας
228 2568 315 2651 άπαξ
335 2577 396 2638 τοῦ
418 2576 508 2650 ίτεος
530 2570 673 2641 ἑκάστου
695 2573 841 2641 έποιέετο
858 2571 947 2641 τάδε.
976 2568 1022 2651 ῦς
1042 2567 1088 2639 ἂν
1104 2572 1138 2637 ιιί

127 2669 294 2756 παρθένοι
315 2673 465 2753 γινοίατο
485 2667 605 2753 γάμων
628 2666 763 2756 ὡραῖαι,
795 2669 918 2749 ταῦτας
944 2665 1034 2748 ὅκως
1053 2687 1136 2737 συν·

127 2765 288 2855 αγάγοιευ
303 2762 428 2848 πάσας,
449 2767 484 2844 ἐς
500 2768 538 2832 ἓν
554 2772 678 2851 χωρίου
701 2767 885 2853 ἐσάγεσκον
902 2765 1019 2852 ἁλέας,
1043 2768 1137 2853 πέριξ

127 2865 163 2934 δέ
185 2860 290 2941 αῦτάς
311 2865 425 2930 ἵστατο
447 2857 563 2949 ὅμιλος
577 2860 724 2951 άυδριδν.
753 2861 891 2944 ἀνιστὰς
907 2867 944 2934 δέ
960 2862 1047 2934 κατά
1056 2872 1137 2952 μίαν

127 2965 270 3050 ἑκάστην
290 2964 396 3049 κῆρυξ
413 2964 597 3049 πωλέεσκε,
620 2971 736 3052 πρῶτα
753 2967 815 3052 μὲν
828 2961 892 3052 τήν
903 2960 1137 3051 εὐειδεστάτην

126 3065 163 3133 ἐκ
175 3062 327 3146 πασέων,
350 3056 432 3148 μετὰ
454 3061 508 3146 δέ,
530 3058 618 3141 ὅκως
636 3060 723 3150 αῦτη
745 3060 893 3150 εὑροῦσα
909 3057 1039 3130 πολλὸν
1053 3086 1137 3149 χρο-

125 3165 199 3229 σίον
221 3163 384 3245 πρηθείη,
406 3155 512 3246 άλληυ
533 3155 762 3247 άνεκήρυσσε,
784 3155 890 3247 ήμετ’
910 3161 1044 3246 ἐκείνην
1061 3164 1136 3227 έσιιε

124 3254 345 3344 εὐειδεστάτη.
369 3258 556 3326 ἐπωλέοντο
578 3258 615 3326 δέ
637 3258 691 3327 έπλ
710 3258 896 3347 συνοικήσι.
920 3256 994 3327 ὅσοι
1013 3253 1135 3345 μένδή

124 3360 223 3424 ἔσκον
253 3349 449 3440 εὐδαίμονες
476 3362 544 3422 τῦν
571 3362 800 3442 Βαβυλωνίων
829 3358 999 3443 ἐπίγαμοι,
1032 3352 1134 3444 ὑπερ·

99 3570 177 3592 a*
