2354 3840
328 171 413 229 ιιε.
444 173 478 228 ιι.
512 171 612 244 σοι.
644 176 786 236 εο-εο.
1000 170 1062 237 τοι

45 323 125 395 οὔτε
147 328 390 415 δαπανίονται,
412 323 497 397 ἀλλά
513 332 568 397 καὶ
592 335 679 398 σιτία
697 337 762 417 σφί
779 333 848 401 έστι
862 329 919 421 ι’ρά
935 332 1061 402 πεσσό-

45 452 150 514 μενα,
172 428 228 496 καί
250 434 362 517 κρεῶν
375 428 485 517 βοέων
501 431 557 498 καλ
581 433 713 518 χηνέων
733 431 865 519 πλῆθός
885 460 917 501 τι
932 431 1058 526 ἔκάστφ

44 533 175 616 γίνεται
197 525 326 598 πολλδν
342 529 482 616 ἑκάστης
496 526 637 619 ἡμέρης,
658 535 785 601 δίδοται
801 533 842 602 δέ
855 552 916 620 σφι
933 535 989 602 καὶ
1010 531 1060 601 οἶ-

47 651 104 707 νος
116 622 308 713 ἀμπέλινος.
332 627 464 714 ἰχθύων
475 627 512 696 δὲ
523 626 566 696 οὔ
575 647 638 716 σφι
649 633 752 711 ἔξεστι
767 630 950 700 πάσασθαι.
973 630 1060 698 κυά·

45 749 131 812 μους
146 723 184 794 δὲ
204 723 283 795 οὔτε
302 752 335 794 τι
348 725 439 813 μάλα
454 732 629 812 σπείρουσι
643 728 823 814 Αἰγύπτιοι
845 731 881 798 έν
902 735 943 818 τῇ
956 727 1058 816 χάρη,

45 822 125 901 τούς
138 847 176 891 τε
189 826 395 911 γενομένους
406 821 484 891 οὔτε
494 822 664 910 τράγουσι
676 822 753 892 οὔτε
765 826 903 907 ἕψοντες
916 826 1059 893 πατέον·

45 945 117 989 ται·
140 924 177 990 ολ
190 921 227 989 δέ
244 917 286 1008 δή
300 923 387 1010 ίρέες
402 917 481 990 οὐδὲ
499 918 653 1007 ὁρέοντες
669 919 855 1010 ἀνέχονται,
869 927 1059 1008 νομίζοντες

46 1013 89 1084 οδ
103 1017 263 1106 καθαρόν
279 1044 340 1105 μιν
355 1017 442 1087 εἶναι
457 1017 609 1108 ὄσπριον.
642 1025 754 1109 ίράται
778 1021 815 1089 δέ
840 1017 902 1088 οὐκ
919 1015 965 1099 εἷς
980 1018 1055 1089 ἔκά·

46 1136 130 1186 στου
142 1124 213 1185 τῶν
227 1125 337 1207 θεῶν,
359 1117 444 1188 ἀλλά
459 1123 595 1205 πολλοὶ,
616 1128 685 1189 τῶν
716 1112 766 1200 εἷς
789 1118 858 1187 ἔστλ
883 1111 1055 1207 ἀρχιρεάς·

46 1211 150 1285 ἔπεάν
173 1216 212 1282 δέ
229 1240 279 1295 τις
299 1212 477 1306 ἀποθάνῃ,
495 1215 621 1284 τούτου
642 1214 660 1285 ὁ
682 1230 760 1297 παῖς
780 1214 1055 1287 ἀντικατίσταται.

49 1310 138 1394 Τοδς
152 1311 189 1381 δέ
203 1319 287 1400 βοῦς
296 1309 377 1393 τούς
387 1319 525 1403 ἔρσενας
538 1322 601 1382 τοῦ
612 1312 763 1401 Ἐπάφου
778 1314 863 1385 εἶναι
874 1322 1056 1404 νομίζουσι,
1071 1340 1107 1394 33

45 1413 99 1482 καί
122 1412 247 1482 τούτου
272 1415 401 1481 εἵνεκεν
421 1412 637 1499 δοκιμάζουσι
658 1410 783 1493 αὐτοὺς
800 1405 882 1483 ὦδε·
904 1420 998 1502 τρίχα
1014 1409 1058 1503 ήν

46 1511 101 1579 καὶ
117 1516 199 1597 μίαν
217 1514 327 1598 ίδηται
347 1512 514 1580 ἐπεοῦσαν
530 1512 710 1599 μέλαιναν,
732 1509 774 1581 οὐ
794 1509 951 1598 καθαρὰν
972 1512 1057 1582 εἶναι

46 1614 183 1697 νομίζει.
204 1613 331 1697 δίζηται
345 1609 382 1679 δέ
395 1617 501 1678 ταῦτα
515 1612 568 1679 ἐπὶ
582 1612 691 1704 τοάτφ
706 1614 907 1700 τεταγμένος
923 1619 992 1681 τῶν
1007 1641 1058 1694 τις

47 1710 148 1797 ίρίων
163 1707 220 1776 καὶ
242 1705 354 1798 ὀρθοῦ
367 1710 524 1789 ἑστεῶτος
539 1716 600 1779 τοῦ
615 1710 754 1798 κτήνεος
770 1714 825 1781 καὶ
839 1710 979 1799 ὑπτίου,
1001 1711 1058 1779 καλ

47 1805 108 1897 τήν
127 1813 286 1894 γλῶσσαν
310 1807 498 1895 ἐξειρύσας,
531 1814 562 1876 εί
584 1804 718 1896 καθαρὴ
734 1816 803 1878 τῶν
826 1811 1056 1896 προκειμένων

47 1911 210 1994 σημηίων,
225 1902 266 1972 τά
279 1901 344 1992 ἔγά
360 1908 397 1974 έν
408 1903 499 1998 ἀλλφ
514 1907 605 1998 λόγφ
620 1910 711 1994 ἐρέω.
735 1914 860 1997 κατορᾷ
877 1907 913 1975 δὲ
929 1903 1057 1986 καὶτὰς

49 2029 63 2074 ι
96 2029 158 2091 χας
171 2010 229 2090 τῆς
246 1998 367 2092 οὐρῆς,
390 2009 421 2072 εί
435 2002 519 2073 κατά
536 2005 643 2092 φύσιν
658 2009 723 2091 ἔχει
740 2010 937 2090 πεφυκυίας.
961 1999 1005 2091 ἢν
1020 2004 1056 2072 δὲ

48 2101 176 2171 τούτων
197 2101 337 2171 πάντων
350 2094 373 2189 ή
393 2100 562 2190 καθαρὰς,
585 2109 779 2192 σημαίνεται
793 2102 910 2194 βύβλφ
924 2096 1056 2189 περὶτὰ

46 2201 145 2288 κέρεα
163 2203 334 2286 εἱλίσσων,
358 2201 414 2268 καί
431 2205 561 2268 ἔπειτεν
574 2209 640 2288 γήν
649 2204 856 2289 σημαντρίδα
873 2198 1056 2278 ἐπιπλάσας

45 2297 217 2387 ἐπιβάλλει
233 2294 295 2379 τὸν
309 2297 506 2366 δακτύλιον·
529 2301 585 2367 καὶ
600 2297 690 2367 οὕτω
707 2294 885 2384 ἀπάγουσι.
904 2293 1057 2385 ἀσήμαν-

44 2420 105 2463 τον
123 2393 160 2463 a}
175 2394 325 2463 θύσαντι
341 2394 492 2471 θάνατος
506 2390 527 2478 ἡ
542 2397 635 2478 ζημίη
651 2392 823 2461 ἐπικέεται.
848 2395 1056 2480 δοκιμάζεται

43 2496 107 2582 μέν
129 2518 196 2562 νυν
217 2489 255 2561 τὸ
276 2499 397 2579 κτῆνος
418 2491 533 2583 τρόπῳ
556 2492 692 2578 τοιῷδε,
724 2495 828 2576 θυσίη
852 2493 893 2557 δέ
912 2510 973 2577 σφι
995 2489 1056 2579 ήδε

43 2593 240 2682 κατέστηκε·
258 2587 442 2676 ἀγαγόντες
452 2586 490 2657 τδ
503 2588 756 2674 σεσημασμένον
767 2593 888 2674 κτῆνος
897 2584 981 2677 πρδς
991 2584 1052 2656 τὸν
1068 2600 1103 2658 39

44 2684 174 2780 βωμὸν,
190 2685 274 2756 ὅκου
288 2681 333 2756 ἀν
347 2688 471 2775 θύωσι,
490 2692 558 2772 πῦρ
574 2682 785 2771 ἀνακαίουσι,
806 2690 935 2754 ἔπειτεν
949 2689 986 2756 δὲ
1001 2685 1053 2755 ἐπ’

44 2784 153 2856 αὐτοῦ
170 2782 265 2854 οίνον
286 2782 370 2855 κατά
394 2791 456 2852 τοῦ
471 2787 583 2871 ίρηίου
605 2785 852 2862 ἐπισπείσαντες
867 2786 923 2852 καλ
939 2786 1055 2853 ἐπικα·

44 2889 202 2964 λέσαντες
212 2882 273 2976 τὸν
283 2881 371 2954 θεὸν
382 2883 557 2970 σφάζουσι,
573 2881 758 2966 σφάξαντες
772 2879 809 2948 δέ
823 2877 1055 2967 ἀποτάμνουσι

44 2980 108 3070 τήν
124 2981 285 3070 κεφαλήν.
320 2989 416 3068 σῶμα
431 2979 493 3068 μέν
510 2977 551 3067 δή
573 2984 633 3046 τοῦ
655 2977 793 3065 κτήνεος
810 2981 970 3067 δείρουσι,
998 3006 1056 3048 κε·

45 3089 138 3173 φαλῄ
150 3084 188 3153 δέ
199 3086 309 3173 ἐκείνη
321 3081 429 3152 πολλά
438 3078 706 3167 καταρησάμενοι
722 3078 879 3164 φέρουσι,
894 3090 979 3147 τοίσι
993 3078 1056 3166 μέν

45 3178 90 3251 ἀν
113 3173 137 3270 ᾖ
157 3175 263 3267 ἀγορή
282 3183 337 3248 καὶ
353 3177 511 3267 Ἕλληνές
531 3198 592 3265 σφι
617 3183 696 3245 ἔωσι
716 3175 882 3263 ἐπιδήμιοι
904 3182 1055 3271 ἔμποροι,

45 3287 80 3354 οί
90 3282 156 3371 μδν
170 3280 330 3369 φέροντες
344 3284 378 3361 ές
394 3277 457 3369 τήν
474 3275 605 3367 ἀγορήν
620 3275 681 3346 ἀπ’
698 3268 747 3346 ἀν
765 3280 899 3364 ἔδοντο,
919 3291 1004 3347 τοτσι
1018 3279 1056 3349 δέ

44 3376 90 3449 ἀν
103 3376 150 3468 μή
166 3382 314 3468 παρέωσι
320 3376 496 3466 Ἕλληνες,
513 3380 548 3444 ολ
563 3373 595 3443 δ’
616 3375 815 3463 ἐκβάλλουσι
830 3374 864 3452 ές
876 3369 938 3441 τδν
951 3397 1056 3444 ποτα-
