2354 3840
146 211 207 274 112
522 216 772 277 HERODOTI

145 379 180 442 οί
190 376 422 462 ἐπιβουλεύειν
436 382 527 463 ἔλεγε
541 376 637 463 τάδε,
658 403 704 467 ιφ
689 376 785 445 Ηδὲ
769 404 788 447 ο
804 383 936 466 δαίμων
952 384 1138 469 προέφαινε,

145 468 190 550 ἀς
203 469 304 551 αύτός
314 475 377 559 μὲν
386 473 597 561 τελευτήσειν
611 471 717 541 αύτοῦ
730 473 838 564 ταύτῃ
847 474 1022 565 μέλλοι,’
1002 504 1026 566 η
1040 480 1077 547 δὲ
1054 484 1139 597 βτ-

143 576 254 655 σιληίη
268 567 374 638 αύτον
359 572 582 660 ’περιχωρέοι
597 574 631 650 ἐς
640 580 798 659 Δαρεῖον.
851 566 1068 695 ἀμείβεταιιέ
1041 600 1089 643 ων
1103 572 1137 661 δὴ

143 665 161 735 ὁ
178 666 362 786 Ὑστάσπης
376 674 515 739 τοισίδε·
542 663 582 738 ’όδ
597 677 753 758 βασιλεῦ,
776 668 821 759 μὴ
840 668 934 758 εἴη’
913 697 1004 759 ανηρ
1020 673 1164 761 Πέρσης

143 763 306 852 γεγονώς,
329 764 420 846 ὅστις
442 794 494 835 τοι
509 767 757 855 ἐπιβουλεύσει,
780 765 858 838 είδ’
877 774 966 855 ἐστι,
989 765 1137 841 ἀπόλυτα
1163 778 1168 815 ’-

144 862 188 942 ἀς
204 864 356 950 τάχιστα·
384 862 421 943 ὃς
439 861 514 933 ἀντὶ
528 866 590 951 μέν
611 866 745 935 δούλων
765 869 925 954 ἐποίησας
946 868 1139 955 ἐλευθέρους
1168 905 1171 960 ,

142 964 274 1047 Πέρσας
290 960 391 1049 εἶναι,
413 959 488 1030 ἀντὶ
502 966 538 1030 δε
557 970 619 1031 τοῦ
635 961 798 1049 ἄρχεσθαι
822 961 883 1033 ἀπ’
899 963 1017 1035 ἄλλων
1036 962 1138 1051 ἄρχειν

143 1056 311 1126 ἀπάντων.
342 1065 372 1129 εί
386 1063 425 1128 δέ
435 1067 485 1141 τίς
497 1085 550 1128 τοι
568 1058 643 1142 ὄφις
657 1060 857 1149 ἀπαγγέλλει
871 1067 976 1133 παῖδα
992 1060 1056 1132 τδν
1068 1056 1137 1147 ἐμόν
1164 1142 1167 1149 Ι

141 1158 288 1245 νειότερα
301 1159 480 1246 βουλεύειν
496 1161 572 1247 περὶ
586 1162 660 1246 σέο,
685 1160 752 1247 ἐγω’
769 1185 820 1228 τοι
836 1163 1052 1248 παραδίδωμι
1066 1162 1136 1245 χρᾶ·

142 1266 225 1325 σθαι
240 1254 331 1347 αὐτῷ
347 1265 446 1326 τοῦτο
487 1256 553 1326 ὅτι
564 1255 608 1326 σύ
617 1258 764 1346 βούλεαι.
795 1254 982 1343 Ὑστάσπης
995 1251 1136 1343 μίντού-
1159 1284 1164 1297 ·

142 1377 227 1424 τοισι
239 1353 465 1441 ἀμειψάμενος
476 1356 532 1424 καί
542 1353 661 1443 διαβάς
674 1353 735 1423 τόν
748 1353 890 1441 Ἀράξην
902 1352 955 1441 ἥτε
971 1354 1008 1433 ές
1015 1355 1135 1440 Πέρσας
1173 1432 1175 1437 Ι

74 1469 123 1523 211
143 1452 303 1537 φυλάξων
320 1452 424 1543 Κύρφ
446 1448 508 1520 τόν
522 1456 624 1520 παῖδα
637 1463 794 1538 Δαρείου.
838 1458 953 1540 Κῦρος
974 1452 1013 1520 δέ
1025 1456 1135 1537 προοί-
1173 1454 1175 1461 ’

141 1546 219 1617 θών
236 1544 301 1616 ἀπό
316 1554 378 1615 τοῦ
390 1547 534 1637 Ἀράξεω
549 1547 675 1637 ἡμέρης
690 1547 773 1618 ὁδόν
792 1553 901 1619 ἐποίεε
921 1547 984 1629 τάς
997 1554 1135 1633 Κροίσου
1173 1544 1175 1617 ῗ

142 1646 327 1735 νποθήκας.
351 1645 432 1733 μετά
454 1650 491 1716 δέ
518 1654 623 1715 ταῦτα
647 1647 767 1735 Κύρου
785 1672 822 1714 τε
837 1647 893 1715 καί
905 1648 1068 1733 Περσέων
1084 1646 1135 1712 τοῦ
1172 1668 1175 1745 j

64 1756 69 1768 ’
143 1751 297 1830 καθαροῦ
312 1752 456 1828 στρατοῦ
477 1743 705 1824 ἀπελάσαντος
726 1743 833 1814 ὀπίσω
853 1747 907 1814 ἐπί
925 1741 990 1827 τόν
998 1742 1134 1831 Ἀράξην,
1173 1750 1175 1793 :

142 1842 339 1926 λειφθέντος
359 1843 395 1909 δὲ
411 1847 472 1910 τοῦ
492 1840 648 1931 ἀχρηίου,
670 1843 860 1911 ἐπελθοῦσα
879 1849 949 1911 τῶν
961 1850 1135 1929 Μασσαγε-
1173 1854 1175 1937 ᾗ

141 1944 226 2009 τέων
248 1942 437 2028 τριτημορὶς
460 1947 521 2008 τοῦ
547 1947 691 2026 στρατοῦ
715 1940 795 2019 τούς
810 1965 847 2008 τε
867 1944 1071 2029 λειφθέντας
1088 1944 1135 2027 τῆς
1161 1982 1166 1987 -

142 2040 261 2124 Κύρου
276 2047 429 2128 στρατιῆς
443 2040 586 2127 ἐφόνευε
599 2036 836 2127 ἀλεξομένους,
857 2040 914 2109 καὶ
928 2036 994 2129 τὴν
1008 2064 1135 2129 προκει·

142 2144 248 2226 μένην
268 2137 396 2216 ἰδόντες
422 2142 534 2224 δαίτα,
556 2135 601 2216 ὥς
626 2135 844 2224 ἐχειρώσαντο
865 2133 945 2217 τούς
961 2138 1134 2221 ἀναπίνοι,

142 2236 315 2313 κλιθέντες
326 2238 518 2322 ἐδαίνυντο,
535 2238 770 2322 πληρωθέντες
786 2235 824 2303 δέ
838 2240 969 2321 φορβῆς
982 2234 1039 2305 καί
1049 2244 1135 2305 olm
1173 2282 1175 2327 ι

143 2325 253 2400 εὗδον.
284 2336 318 2400 οί
341 2335 378 2400 δὲ
396 2336 524 2418 Πέρσαι
547 2330 747 2411 ἐπελθόντες
769 2326 916 2411 πολλούς
940 2334 1004 2418 μέν
1029 2350 1134 2419 σφεων
1173 2334 1175 2375 ³

142 2429 353 2547 ἐφόνευσαν,
371 2426 483 2520 πολλῷ
499 2425 531 2495 δ’
550 2433 598 2496 ἔτι
618 2435 765 2507 πλεῦνας
785 2426 995 2517 ἐζώγρησαν,
1014 2424 1119 2497 ααίάλ
1173 2476 1175 2481 -

141 2535 221 2604 λονς
245 2523 353 2593 καί
319 2552 379 2593 τον
398 2533 456 2611 τῆς
477 2531 645 2613 βασιλείης
666 2525 835 2644 Τομύριος
855 2530 976 2614 παῖδα,
1002 2540 1133 2689 ’στρατη-
1172 2524 1175 2531 ’

74 2636 125 2689 212
140 2625 259 2705 γέοντα
273 2623 537 2707 Μασσαγετέων,
560 2629 605 2712 τῷ
620 2620 750 2740 ρῦνομα
763 2647 808 2708 ην
821 2618 1132 2711 ΣπαργαπίσηςΠί

142 2717 178 2783 δέ
198 2717 432 2802 πυθομένη’
391 2742 431 2784 τα
448 2744 483 2785 τε
502 2717 633 2805 περὶ
597 2745 660 2806 την
674 2738 832 2806 στρατιην
846 2718 1011 2805 γεγονότα
1027 2712 1126 2789 ταί
1097 2740 1129 2785 τιι

140 2815 216 2899 περι
239 2809 300 2880 τόν
325 2818 427 2882 παίδα
447 2819 623 2903 πέμπουσα
645 2817 776 2905 κη’ρνκα
799 2812 890 2899 παρά
912 2822 1033 2905 Κῦρον
1050 2822 1130 2901 δίης

140 2911 234 2979 τάδε
260 2911 476 2998 ’Ἁπληστε”
438 2939 574 2999 αιματος
587 2921 699 3031 Κῦρε,
720 2915 826 3000 μηδὲν
834 2915 1010 3031 ἐπαερθῇς
1023 2920 1070 3005 τῷ
1083 2936 1130 3001 γε·

139 3006 253 3090 γουότι
273 3011 358 3098 τῷδε
382 3007 608 3096 πρήγματι,ε
592 3016 623 3078 εί
645 3007 816 3102 ἀμπελίνην
851 3013 990 3132 καρπῷ,
1026 3034 1128 3105 τφτερ

141 3101 234 3170 αὐτοὶ
247 3106 488 3192 ἐμπιπλάμενοι
508 3114 669 3193 μαίνεσθε
685 3107 774 3176 οῦτω
792 3107 878 3178 ὥστε
892 3108 1067 3193 κατιόντος
1077 3116 1159 3181 τοῦ

141 3207 237 3265 οίνου
252 3199 334 3278 ἐςτό
350 3209 443 3287 σῶμα
458 3203 721 3274 ἐπαναπλάειν
703 3220 785 3293 υμίν
805 3212 888 3279 ἔπεα
899 3206 1006 3298 κακά,
1027 3206 1127 3279 τοσσά-

140 3320 186 3383 τφ
200 3296 364 3388 φαρμάκῳ
379 3300 526 3381 δολιόσας
541 3302 724 3422 ἐκράτησας
736 3301 856 3385 παιδός
869 3330 931 3374 του
914 3308 1049 3396 ’ἐμοῦ,
1068 3302 1124 3375 ἀλλ’

142 3388 182 3457 ού
195 3391 282 3479 μάχη
297 3393 379 3462 κατά
396 3395 433 3463 τό
449 3400 619 3487 καρτερόν.
642 3409 709 3470 νῦν
725 3396 774 3471 ἀν
794 3417 859 3491 μευ
873 3394 914 3472 εύ
932 3402 1122 3491 παραινεσά-
