2354 3840
271 198 353 255 LIB.
385 199 431 255 IV.
475 197 572 255 CAP.
604 207 780 261 noo-205.
960 195 1033 262 381*

22 379 77 442 ιφι
99 365 273 442 γυναικῶν
289 353 368 435 τούς
386 354 510 442 μαζούς
530 353 746 443 ἀποταμοῦσα
769 359 952 442 περιέστιξε
967 363 1023 429 καὶ

22 457 165 523 τούτοισι
180 455 217 523 τό
232 469 344 541 τεῖχος.
369 453 448 533 τοῦς
459 458 495 523 δὲ
506 454 645 536 λοιποῦς
656 464 724 526 τῶν
734 467 912 545 Βαρκαίων
923 464 1022 546 ληίην

22 556 172 619 ἐκέλευσε
192 556 318 620 θέσθαι
339 550 418 631 τοῦς
432 557 579 639 Πέρσας,
602 552 690 642 πλῆν
715 554 789 624 ὅσοι
807 553 919 626 αὐτῶν
934 550 1021 645 ῆσαν

22 654 197 720 Βαττιάδαι
213 680 248 720 τε
268 657 324 720 καί
343 661 405 721 τοῦ
421 654 533 740 φόνου
554 652 595 724 οῦ
611 663 787 742 μεταίτιοι·
815 657 963 726 τούτοισι
985 660 1021 725 δὲ

22 754 79 839 τῆν
95 753 195 820 πόλιν
209 753 366 836 ἐπέτρεψε
386 750 407 840 ῆ
423 760 596 840 Φερετίμη.
646 751 732 833 Τοῦς
754 745 803 822 ἀν
825 752 865 842 δῆ
884 752 1023 834 λοιποὺς
1038 772 1089 828 30³

22 861 85 918 τῶν
108 858 285 935 Βαρκαίων
311 855 345 918 oi
365 854 492 937 Πέρσαι
520 849 848 940 ἀνδραποδισάμενοι
875 849 1022 941 ἀπήισαν

22 949 141 1016 ἷπίσω·
162 953 216 1015 καὶ
249 949 355 1016 έπείτε
382 952 433 1017 ἐπὶ
454 957 494 1039 τῆ
508 957 712 1038 Κυρηναίων
731 951 810 1020 πόλι
826 953 1020 1039 ἐπέστησαν,

22 1054 51 1125 n?
66 1056 251 1133 Κυρηναῖοι
268 1047 386 1134 λόγιόν
406 1075 437 1115 τι
458 1046 697 1135 ἀποσιεύμενοι
720 1053 875 1135 διεξῆκαν
896 1046 1020 1127 αὐτούς

22 1145 74 1213 διὰ
90 1153 149 1212 τοῦ
165 1145 289 1224 άοτεος.
314 1145 533 1232 διεξιούσηςδ
533 1145 622 1234 έτῆς
637 1153 791 1233 στρατιῆς
807 1147 941 1235 Βάδρης
958 1147 1019 1231 μέν

22 1265 35 1307 ο
52 1251 112 1309 τοῦ
129 1252 290 1311 ναυτικοῦ
306 1252 448 1330 στρατοῦ
470 1241 651 1332 στρατηγὸς
667 1247 796 1312 ἐκέλευε
818 1242 995 1333 αίρέειν
959 1271 1022 1366 την

22 1343 118 1410 πόλιν
126 1341 367 1429 ,Ἅμαοιςδέθ
352 1370 446 1412 οτου
432 1348 562 1424 πεζοῦ
577 1340 639 1411 οῦκ
657 1348 711 1431 ἔα,
734 1347 786 1412 ἐπὶ
801 1342 1019 1431 Βάρκηνμάρ

22 1436 244 1525 ἀποσταλῆναι
259 1440 392 1525 μούνην
400 1436 574 1525 Ελληνίδα
589 1439 690 1508 πόλιν
697 1437 793 1527 ,ές“
774 1467 792 1507 o
808 1442 1020 1521 διεξελθοῦσι

22 1540 72 1603 καὶ
88 1541 266 1620 ἱζομένοισι
281 1539 333 1605 ἐπὶ
346 1534 431 1615 Διός
446 1543 598 1605 Λυκαίου
618 1491 725 1625 όχθόυ
745 1537 946 1624 μετεμέλησέ
958 1555 1019 1623 σφι

22 1632 60 1700 οὐ
81 1640 196 1718 σχοῦσι
222 1631 284 1718 τῆν
306 1634 485 1720 Κυρήνην,
512 1637 567 1703 καὶ
591 1632 833 1723 έπειρέοντο
798 1663 835 1704 το
859 1636 1019 1724 δεύτερον
1117 1675 1120 1679 <

22 1733 172 1815 παριέναι
197 1731 230 1807 ές
261 1726 384 1816 αῦτῆν,
417 1733 451 1796 οί
474 1729 511 1796 δέ
536 1737 724 1816 Κυρηναῖοι
750 1729 792 1798 οῦ
822 1733 1017 1820 περιύρεον.
1051 1755 1055 1762 ’

22 1843 101 1895 τοῖσι
128 1825 163 1893 δέ
186 1828 333 1915 Πέρσησι
360 1824 500 1905 οῦδενὸς
524 1832 713 1915 μαχομένου
741 1829 848 1916 φόβος
873 1832 1021 1915 ἐνέπεσε,

22 1921 269 2010 αποδραμοντες
289 1927 325 1992 δ
346 1923 428 1994 ὅσον
450 1925 607 2012 ἑξήκοντα
628 1926 746 1995 στάδια
772 1928 889 2006 ἵζοντο.
922 1929 1024 2012 ίδρυε

22 2029 112 2092 δέντι
135 2025 170 2091 δέ
192 2031 238 2114 τῷ
259 2027 468 2117 στρατοπέδῳ
488 2026 593 2114 ταύτη
612 2019 699 2114 ῆλθε
719 2025 810 2112 παρά
828 2024 1018 2116 Ἀρυάνδεω

22 2115 156 2209 ἀγγελος
178 2120 373 2192 ἀποκαλέων
394 2123 594 2204 αὐτούς.οί
615 2124 651 2191 δέ
670 2128 797 2211 Πέρσαι
814 2131 1018 2211 Κυρηναίων

22 2221 193 2307 δεηθέντες
211 2223 328 2291 έπόδιά
340 2245 398 2339 σφι
412 2228 531 2291 δοῦναι
544 2229 678 2307 ἔτυχον,
693 2222 853 2307 λαβόντες
868 2221 1018 2288 δὲταῦτα

22 2312 269 2386 ἀπαλλάσσοντο
291 2323 324 2394 ές
346 2321 407 2403 τῆν
429 2327 612 2403 Αίγυπτον.
647 2318 897 2406 παραλαβόντες
922 2318 958 2385 δέ
979 2315 1016 2385 τὸ

22 2413 178 2479 ἔνθεῦτεν
192 2408 315 2490 αὐτοὺς
327 2421 450 2502 Λίβυες
463 2423 520 2502 τῆς
533 2442 569 2484 τε
585 2418 725 2502 ἐσθῆτος
739 2420 868 2486 εἵνεκεν
883 2421 938 2486 καὶΙ
960 2425 1017 2504 τῆς

22 2514 137 2592 ικευῆς
157 2505 236 2587 τοῦς
256 2507 544 2598 ὑπολειπομένους
565 2511 678 2582 αὐτόν
699 2517 754 2582 καὶ
775 2517 1017 2603 ἐπελκομένους

22 2605 199 2694 έφόνευον,
222 2607 295 2687 ές“
275 2636 293 2676 ο
316 2609 405 2689 ές
369 2638 431 2698 τηυ
453 2623 629 2699 Αίμυπτον
651 2611 820 2684 ἀπίκοντο.
866 2607 976 2694 Οῦτος
999 2612 1086 2685 6204

22 2708 174 2791 Περσέων
189 2706 327 2793 στρατός
342 2717 400 2797 τῆς
413 2712 543 2799 Λιβύης
557 2710 724 2781 ἑκαστάτω
741 2717 776 2792 ές
789 2711 1017 2801 Εὐεσπερίδας

22 2796 110 2890 ῆλθε.
133 2804 213 2884 τοῦς
228 2810 264 2875 δὲ
277 2805 567 2896 ἠνδραποδίσαντο
581 2817 649 2878 τῶν
662 2820 858 2900 Βαρκαίων,
876 2811 1017 2891 τούτους

22 2903 51 2970 33
67 2906 174 2989 ἕκτης
188 2907 363 2992 Αιγυπτον
378 2906 612 2988 ἀνασπάστους
632 2913 792 2996 ἐποίησαν
812 2909 902 3001 παρά
918 2920 1017 3000 βασι-

22 3005 88 3069 λέα
111 3003 268 3087 βασιλεὺς
283 3010 322 3074 δέ
335 3028 399 3093 ’σφι
415 3021 559 3092 Δαρειος
580 3013 682 3076 ἔδωκε
698 3017 756 3096 τῆς
772 3018 935 3098 Βακτρίης
949 3011 1016 3098 χύ-

22 3124 75 3187 ρης
89 3099 205 3187 κόμην
220 3106 458 3195 ἐγκατοικῆσαι.
489 3112 523 3176 oc
536 3107 570 3174 δέ
592 3114 631 3196 τῆ
646 3134 741 3196 κωμη
761 3108 865 3197 ταύτῃ
886 3110 1016 3196 οῦνομα

22 3204 133 3268 ἔθεντο
148 3201 301 3290 Βάρκην,
337 3199 420 3296 ῆπερ
450 3213 496 3276 ἔτι
518 3208 572 3273 καὶ
591 3207 624 3284 ές
645 3199 743 3292 έμδ
721 3232 765 3293 ην
787 3209 996 3294 οῖ’κευμένη
979 3234 1015 3276 εν

22 3303 55 3386 τῆ
69 3304 110 3388 γῆ
125 3325 175 3387 τη
151 3305 333 3390 Βακτρίη.

100 3394 151 3464 Οό
171 3404 234 3483 μέν
255 3396 374 3466 οῦδὲ
357 3427 377 3485 η
401 3407 564 3490 Φερετίμη
587 3427 624 3470 ει
646 3398 708 3490 τῆν
732 3400 809 3489 ζόην
830 3403 1086 3479 κατέπλεξωοε,
