2354 3840
137 207 200 269 332
513 210 762 268 HERODOTI

137 371 193 434 καὶ
207 370 328 436 ἑκατόν
343 371 428 436 έστι·
449 374 550 438 τείνει
566 366 600 435 δ’
617 370 650 447 ές
664 363 727 452 τὴν
742 366 959 450 Προποντίδα
975 360 1138 432 ὁΒόσπο-

137 494 205 554 ρος.
226 465 247 556 ἡ
263 469 300 536 δέ
309 472 501 556 Προποντὶς
514 471 616 537 ἐοῦσα
632 461 732 554 εῦρος
742 469 805 551 μὲν
818 467 964 531 σταδίων
977 485 1136 530 πεντακο-

137 573 236 652 σίων,
254 574 359 654 μῆκος
370 567 407 634 δὲ
419 573 643 653 τετρακοσίων
658 567 714 633 καλ
724 564 1025 650 χιλίων,καταδιδοῑ
1037 562 1071 637 ές
1082 555 1138 626 τόν

129 662 392 751 Ἑλλήσποντον,
407 665 507 733 έόντα
517 665 711 749 στεινότητα
724 662 787 748 μὲν
801 658 882 727 ἑπτά
894 663 1064 745 σταδίους,
1079 662 1138 742 μῆ-

135 788 194 840 κος
209 762 246 829 δέ
259 769 502 851 τετρακοσίους.
525 764 652 830 ἐκδιδοῖ
659 762 695 828 δὲ
706 759 725 828 ὁ
735 758 978 845 Ἑλλήσποντος
988 758 1024 834 ές
1033 754 1137 842 χάσμα

87 887 121 941 ηρ
135 861 314 946 πελάγεος,
330 859 384 929 ·τδ
410 860 452 949 δὴ
479 868 622 948 Αἰγαῖον
646 861 806 929 καλέεται.
861 858 1079 943 Μεμέτρηται
1104 855 1137 922 δὲ

135 967 239 1028 ταῦτα
260 951 342 1027 ὦδε·
375 968 460 1047 νηῦς
481 963 603 1029 ἐπίπαν
622 957 766 1046 μάλιστά
785 984 829 1046 κη
842 954 1003 1024 κατανύει
1024 956 1062 1022 ἐν
1076 981 1137 1041 μα-

134 1063 297 1145 κρημερίῃ
314 1054 455 1144 ὀργυιὰς
472 1060 749 1143 ἑπτακισμυρίας,
770 1053 894 1132 νυκτός
908 1054 946 1121 δέ
960 1054 1136 1139 ἑξακισμυ-

134 1162 216 1240 ρίας.
239 1152 303 1243 ἤδη
318 1148 368 1224 όν
381 1158 414 1234 ές
429 1156 491 1242 μὲν
502 1163 613 1224 Φᾶσιν
623 1153 689 1221 άπδ
700 1161 763 1221 τοῦ
772 1154 934 1240 στόματος
946 1159 1062 1236 (τοῦτο
1074 1152 1135 1238 γάρ

133 1253 201 1320 ἐστι
215 1258 276 1319 τοῦ
287 1251 423 1320 Πόντου
437 1251 661 1339 μακρότατον)
675 1248 827 1336 ἡμερέων
840 1250 939 1316 ἐννέα
952 1246 1058 1326 πλόος
1072 1249 1135 1316 ἐστὶ

132 1355 187 1418 καὶ
208 1358 342 1419 νυκτῶν
365 1349 469 1420 όκτιό·
490 1345 590 1420 αῦται
615 1353 735 1418 ἕνδεκα
756 1349 917 1435 μυριάδες
937 1351 993 1416 καὶ
1019 1347 1134 1416 ἑκατόν

132 1445 299 1534 ὀργυιέων
312 1454 479 1535 γίνονται,
501 1452 538 1516 έκ
552 1451 589 1517 δὲ
603 1456 671 1516 τῶν
685 1445 852 1534 ὀργυιέων
861 1446 993 1515 τούτων
1008 1446 1132 1515 στάδιοι

132 1542 252 1611 ἑκατόν
268 1549 323 1612 καλ
337 1552 436 1631 χίλιοι
450 1551 505 1615 καλ
519 1548 638 1633 μύριοί
650 1553 722 1614 είσι.
746 1548 779 1624 ές
793 1545 828 1613 δὲ
844 1544 1063 1632 Θεμισκύρην
1077 1543 1130 1631 τὴν

131 1641 185 1707 ἐπὶ
207 1641 422 1728 Θερμώδοντι
444 1650 581 1733 ποταμῷ
603 1646 639 1711 έκ
664 1651 720 1730 τῆς
734 1646 897 1729 Σινδικῆς
917 1641 1017 1729 (κατὰ
1036 1651 1133 1712 τοῦτο

130 1737 195 1824 γάρ
211 1739 280 1805 έστι
293 1744 354 1806 τοῦ
369 1739 506 1808 Πόντου
524 1737 724 1828 εὐρύτατον)
740 1747 843 1828 τριῶν
857 1766 893 1807 τε
909 1737 1065 1829 ἡμερέων
1082 1745 1133 1809 καὶ

130 1835 193 1903 δύο
209 1844 342 1904 νυκτῶν
362 1839 481 1917 πλόος·
510 1831 609 1907 αὗται
629 1839 666 1908 δὲ
686 1855 774 1924 τρεῖς
794 1840 956 1926 μυριάδες
969 1844 1026 1909 καὶ
1040 1840 1133 1929 τριή-

129 1959 232 2001 κοντα
257 1933 422 2021 ὀργυιέων
446 1944 613 2023 γίνονται,
645 1937 775 2004 στάδιοι
806 1940 843 2006 δὲ
867 1938 1055 2026 τριηκόσιοι
1081 1941 1132 2007 καὶ

128 2041 309 2119 τρισχίλιοι.
344 2032 363 2103 ὁ
383 2036 446 2121 μέν
465 2063 532 2104 νυν
552 2037 683 2116 Πόντος
704 2031 802 2116 οὗτος
823 2039 880 2105 καὶ
898 2036 1077 2124 Βόσπορός
1099 2063 1132 2105 τε

127 2138 183 2201 καλ
191 2132 432 2221 Ἑλλήσποντος
446 2135 535 2204 οῦτω
555 2142 594 2205 τέ
609 2165 666 2224 μοι
684 2141 900 2225 μεμετρέαται
920 2140 976 2205 καὶ
991 2136 1078 2205 κατά
1092 2136 1130 2205 τά

123 2234 280 2322 εἰρημένα
304 2231 490 2320 πεφύκασι,
515 2233 690 2320 παρέχεται
713 2233 831 2302 δὲκαὶ
855 2240 977 2321 λίμνην
1000 2228 1019 2302 ὁ
1039 2234 1131 2306 Πόν-

121 2361 177 2414 τος
208 2336 409 2402 ἐκδιδοῦσαν
440 2335 472 2411 ές
509 2330 652 2418 ἑωυτόν,
687 2330 728 2401 ού
760 2338 873 2424 πολλῷ
903 2335 967 2425 τόμ
1001 2334 1129 2404 ἐλάσσω

123 2428 268 2516 ἑωυτοῦ,
293 2426 315 2515 ἢ
329 2436 476 2516 Μαιῆτίς
490 2456 526 2498 τε
539 2433 690 2499 καλέεται
709 2435 765 2498 καλ
782 2431 889 2518 μήτηρ
902 2437 964 2498 τοῦ
977 2430 1122 2500 Πόντου.

73 2522 153 2599 87Ὀ
168 2526 204 2592 δὲ
218 2537 363 2613 Δαρεῖος
385 2524 429 2604 ὡς
450 2527 617 2615 έδηήσατο
637 2526 698 2596 τόν
717 2529 875 2616 Πόντον,
892 2534 999 2597 έπλωε
1019 2528 1124 2598 ὀπίσω

122 2625 175 2690 ἐπὶ
189 2622 251 2709 τὴν
265 2630 435 2716 γέφυραν,
456 2639 514 2717 τῆς
524 2631 725 2721 ἀρχιτέκτων
737 2635 868 2721 έγένετο
879 2635 1123 2719 Μανδροκλέης

119 2724 266 2813 Σάμιος·
280 2731 496 2818 θηησάμενος
508 2735 544 2802 δὲ
555 2740 610 2803 καλ
620 2733 680 2803 τόν
686 2735 865 2822 Βόσπορον
876 2733 997 2820 στήλας
1008 2739 1122 2821 ἔστησε

122 2825 184 2892 δύο
201 2823 253 2892 ἐπ’
270 2823 361 2917 αύτῷ
376 2834 479 2897 λίθον
492 2839 634 2918 λευκοῦ,
657 2831 810 2919 ένταμύν
823 2830 1000 2919 γράμματα
1014 2833 1049 2910 ές
1062 2831 1122 2917 μὲν

120 2923 181 3010 τὴν
199 2923 373 3011 Ἀσσύρια,
396 2929 429 3006 ές
446 2928 482 2997 δὲ
503 2927 565 3016 τὴν
576 2926 769 3016 Ἑλληνικά,
791 2935 894 2998 ἔθνεα
908 2924 1124 3010 πάντα,όσα·

118 3046 181 3106 περ
202 3015 280 3111 ἦγε·
306 3016 366 3112 ἦγε
387 3025 423 3094 δὲ
447 3026 572 3115 πάντα,
595 3034 663 3095 τῶν
682 3019 779 3115 ἦρχε·
811 3026 942 3095 τούτων
960 3024 1126 3112 μυριάδες

118 3121 395 3211 ἕξηθνθμήδησαν
415 3130 514 3214 χωρὶς
536 3135 598 3196 τοῦ
619 3133 781 3196 ναυτικοῦ
805 3122 1035 3214 ἑβδομήκοντα
1056 3120 1121 3191 σῦν

117 3224 271 3308 ἱππεῦσι,
293 3227 366 3303 νέες
379 3225 417 3293 δὲ
431 3227 597 3307 ἑξακόσιαι
612 3229 873 3313 συνελέχθησαν.
895 3231 969 3313 τῇσι
980 3225 1044 3310 μέν
1054 3248 1120 3290 νυν

117 3318 256 3409 στήλησι
277 3323 416 3413 ταύτησι
436 3326 631 3414 Βυζάντιοι,
653 3334 850 3413 κομίσαντες
870 3323 904 3401 ές
924 3317 986 3407 τὴν
1005 3320 1119 3404 πόλιν,

116 3416 261 3500 ὕστερον
277 3420 407 3489 τούτων
422 3424 603 3511 ἐχρήσαντο
616 3422 702 3508 πρός
715 3421 776 3493 τόν
789 3419 906 3510 βωμόν
920 3426 977 3507 τῆς
988 3418 1114 3507 Ὀρδω·
