2354 3840
305 209 390 267 ΗΒ
416 205 591 264 1V.cA1>.
624 208 796 267 195—-200
990 204 1053 268 379

50 396 71 456 η
57 365 198 456 Λιβύη
214 370 378 451 σπουδαίη
396 363 479 432 άστε
496 390 516 449 η
503 358 619 483 ”Ἀσίη
633 388 655 448 η
641 357 817 451 Ἓόράπη
830 370 1053 452 παραβληθή-

51 493 125 553 ναι,
147 462 235 552 πλην
250 471 400 541 Κίνυπος
415 461 559 549 μούνης
580 457 617 528 τό
637 458 702 547 γάρ
720 458 761 548 δὴ
781 459 863 530 αύτδ
882 460 1011 549 οὔνομα
1030 491 1051 550 η

51 572 141 654 γῆ
108 570 154 631 τοῦ
172 587 308 679 ποταμφ
293 567 399 647 ἔχει.
423 560 507 647 αῦτη
522 558 590 628 δὲ
576 567 673 646 ομοίη
689 586 729 648 τη
714 557 861 649 ἀρίστη
877 567 965 647 γεῦν
978 561 1053 648 Λή·

53 685 176 747 μητρος
186 657 318 745 καρπὸν
329 660 494 745 ἐκφέρειν,
503 655 582 726 οὐδὲ
594 656 663 726 οἶκε
675 655 776 727 οὐδὲν
786 685 826 748 τη
812 657 1052 749 άλληΛιβύη·
1124 685 1127 691 “

52 757 254 844 μελάγγαιός
274 783 309 825 τε
329 756 395 846 γάρ
417 758 488 825 ἐστι·
506 759 561 824 καί
580 761 723 845 ἔπυδρος
743 761 872 845 πίδαξι,
900 761 955 827 καὶ
977 756 1054 827 οὕτε

52 852 184 942 αὐχμοῦ
207 861 430 941 φροντίζουσα
453 852 554 922 οὐδέν
575 853 653 923 οῦτε
674 853 802 943 ὄμβρον
821 861 910 926 πλέω
930 861 1054 924 πιοῦσα

53 955 247 1042 δεδήληται·
268 953 363 1038 ὑεται
376 953 441 1041 γάρ
457 953 497 1041 δὴ
512 962 615 1023 ταῦτα
629 961 687 1040 τῆς
697 957 842 1043 Λιβύης·
863 963 931 1024 τῶν
946 959 982 1024 δέ
999 959 1056 1049 έκ-

54 1060 186 1139 φορίων
201 1059 264 1120 τοῦ
277 1058 409 1138 καρποῦ
421 1049 525 1120 ταύτά
538 1057 640 1140 μέτρα
652 1060 693 1141 τῇ
704 1060 904 1144 Βαβυλωνίη
918 1060 961 1144 γῇ
975 1081 1056 1123 κατ·

52 1159 191 1220 ίσταται.
220 1148 334 1238 άγαδὴ
355 1152 392 1219 δὲ
411 1157 454 1237 γῆ
481 1152 536 1218 καὶ
554 1147 618 1238 τὴν
638 1147 858 1233 Εὐεσπερῖται
879 1152 1054 1236 νέμονται·

52 1247 108 1318 ἐπ’
132 1248 290 1318 ἑκατοστὰ
311 1247 393 1335 γάρ,
415 1246 517 1316 έπεδν
539 1247 624 1336 αῦτη
650 1251 774 1336 ἑωυτῆς
796 1248 914 1337 ἄριστα
935 1252 1054 1340 ένείκη,

53 1351 205 1434 ἐκφέρει,
227 1344 247 1435 ἡ
264 1348 302 1415 δὲ
317 1349 355 1414 έν
369 1353 409 1435 τῇ
424 1349 618 1433 Κίνυπι-ἐπί
631 1346 814 1433 τριηκόσια.
848 1345 937 1433 ”Exeo
952 1353 988 1416 δὲ
1003 1350 1059 1418 καὶ
1074 1363 1124 1420 100

53 1444 75 1533 ἡ
88 1455 264 1533 Κυρηναίη
275 1442 387 1532 χάρη,
402 1446 504 1513 ἐοῦσα
515 1443 707 1532 ὑψηλοτάτη
718 1444 839 1530 ταύτης
849 1451 907 1531 τῆς
917 1446 1057 1533 Λιβύης,

55 1543 118 1630 τὴν
145 1549 180 1610 ολ
197 1543 341 1629 νομάδες
360 1545 535 1631 νέμονται,
556 1556 644 1629 τρεῖς
668 1539 756 1630 όίρας
781 1545 818 1610 έν
838 1544 945 1633 ἑωυτῇ
967 1542 1059 1625 άξίας

55 1642 221 1729 θώματος.
269 1649 383 1725 πρῶτα
397 1641 459 1726 μὲν
473 1638 538 1726 γάρ
558 1638 599 1708 τά
615 1639 875 1726 παραθαλάσσια
890 1645 958 1708 τῶν
975 1669 1059 1727 καρ-

57 1746 132 1806 πῶν
156 1738 239 1827 ὀργᾷ
261 1736 416 1824 άμῦσδαί
432 1762 468 1804 τε
489 1738 544 1803 καὶ
568 1745 776 1822 τρυγᾶσδαι·
804 1737 935 1804 τούτων
956 1764 991 1805 τε
1017 1737 1057 1826 δὴ

58 1837 374 1921 συγκεκομισμένων
390 1831 431 1900 τά
446 1831 531 1921 ὑπὲρ
551 1840 620 1901 τῶν
635 1837 865 1901 θαλασσιδίων
884 1835 1003 1924 χαίρων
1017 1835 1057 1903 τά

58 1936 141 2018 μέσα
157 1931 241 2021 ὀργᾷ
255 1937 531 2017 συγκομίζεσθαι,
552 1929 592 1999 τά
608 1927 755 2018 βουνούς
768 1932 942 2000 καλέουσι·
975 1952 1060 2018 συγ-

58 2029 254 2116 κεκόμισταί
273 2056 308 2097 τε
329 2022 428 2108 υὺτος
448 2027 467 2097 ὁ
488 2033 588 2116 μέσος
608 2027 736 2117 καρπδς
756 2032 811 2097 καὶ
832 2026 850 2096 ὁ
873 2031 910 2096 έν
924 2038 964 2120 τῇ
979 2058 1060 2099 κατ-

59 2127 227 2217 υπερτάτη
240 2135 297 2214 τῆς
311 2135 372 2214 γῆς
392 2134 589 2195 πεπαίνεταί
605 2154 641 2196 τε
661 2129 717 2196 καὶ
737 2125 838 2218 ὀργᾷ,
863 2126 946 2197 ὥστε
963 2131 1060 2197 ἐκπέ-

58 2233 159 2294 ποταί
179 2251 215 2292 τε
238 2228 294 2293 καδ
324 2227 573 2313 καταβέβρωται
602 2223 621 2292 δ
646 2232 776 2310 πρῶτος
804 2224 931 2312 καρπός
958 2226 1013 2292 καὶ
1041 2221 1059 2290 ὁ

58 2331 244 2396 τελευταῖος
259 2329 553 2406 συμπαραγίνεται.
582 2321 670 2389 οὕτω
691 2320 744 2389 ἐπ’
761 2321 847 2392 όκτοό
865 2330 971 2410 μῆνας
986 2333 1060 2392 Κυ-

57 2424 220 2506 ρηναίους
245 2414 361 2502 ὀπώρη
386 2419 501 2502 ἐπέχει.
535 2425 639 2486 ταῦτα
664 2423 725 2505 μέν
750 2447 817 2487 νυν
842 2422 894 2488 έπὶ
920 2429 1058 2489 τοσοῦτο

57 2512 217 2601 εἰρήσθω.

146 2613 189 2677 ot
212 2608 247 2675 δὲ
273 2614 455 2695 Φερετίμης
479 2613 618 2696 τιμωροὶ
638 2616 766 2695 Πέρσαι
804 2612 910 2679 ἐπείτε
942 2616 978 2681 έκ
1003 2623 1060 2701 τῆς
1076 2629 1127 2684 200

59 2709 235 2794 Αἰγύπτου
251 2710 422 2786 σταλέντες
436 2706 503 2777 ὑπδ
519 2718 579 2777 τοῦ
591 2708 781 2800 Ἀρυάνδεω
795 2712 935 2784 ἀπίκατο
950 2718 983 2796 ές
997 2713 1059 2803 τὴν

57 2808 212 2893 Βάρκην,
235 2807 451 2894 ἐπολιόρκεον
471 2806 533 2895 τὴν
557 2808 673 2895 πόλιν,
701 2811 980 2898 ἐπαγγελλόμενοι
1003 2817 1060 2881 έκ-

59 2905 192 2972 διδόναι
206 2902 286 2983 τούς
306 2912 430 2984 αἰτίους
458 2914 518 2974 τοῦ
540 2909 650 2993 φόνον
671 2917 733 2978 τοῦ
750 2908 959 2997 Ἀρκεσίλεω
990 2920 1058 2981 τῶν

61 3005 97 3070 δὲ
111 3009 179 3069 πᾶν
194 3001 258 3090 γάρ
272 2997 316 3092 ἦν
330 3001 367 3072 τό
382 3013 512 3092 πλῆθος
526 3015 710 3094 μεταίτιον,
731 3005 794 3076 ούκ
811 3011 963 3078 ἐδέκοντο
980 3009 1061 3090 τούς

60 3100 191 3184 λόγους
216 3102 363 3170 ἐνθαῦτα
378 3106 414 3171 δὲ
429 3104 643 3193 ἐπολιόρκεον
657 3103 718 3192 τὴν
732 3104 870 3194 Βάρκην
885 3109 937 3174 έπδ
951 3115 1058 3195 μῆνας
1147 3099 1151 3106 ’

61 3200 175 3282 έννέα,
203 3195 402 3285 ὀρύσσοντίς
423 3228 459 3270 τε
482 3201 652 3291 ὀρύγματα
679 3199 826 3289 ὑπόγαια
852 3207 1043 3290 φέροντα’
1026 3229 1058 3284 ες

61 3291 98 3361 τὸ
114 3308 234 3381 τεῖχος,
256 3300 311 3365 καλ
323 3299 513 3418 προσβολάς
530 3299 692 3390 καρτεράς
706 3301 909 3384 ποιεύμενοι.
938 3329 979 3370 τα
967 3299 1056 3389 μέν

62 3417 126 3460 νυν
150 3389 321 3479 ὀρύγματα
343 3394 428 3484 άνηρ
447 3398 624 3484 χαλκεύς’
605 3405 726 3485 ανεῦρε
747 3397 910 3487 έπιχάλκφ
930 3396 1056 3488 ἀσπίδι,
