2354 3840
325 207 409 262 ιιυ.
442 207 488 261 Ν.
521 172 619 261 σεἐ.
654 206 829 263 lab-169.
1017 199 1080 266 363

66 369 213 449 Λίβυες,
245 359 289 440 ἀς
321 364 352 440 ἐς
383 359 543 449 ἀμείνονα
572 367 684 450 χῶρον
714 357 847 449 άξουσι,
882 357 1080 448 ἀνέγνωσαν

69 460 229 525 ἐκλιπεῖν.
248 451 336 546 ήγον
347 460 387 526 δέ
395 477 501 544 σφεας
514 459 677 525 ἐνθεῦτεν
691 460 725 524 οί
733 463 856 544 Λίβυες
867 456 1079 547 ἀναστήσαν-

68 583 124 634 τες
148 553 233 643 πρὸς
257 561 403 646 ἑσπέρην
426 560 481 626 καὶ
505 555 566 624 τόν
591 555 770 624 κάλλιστον
793 565 862 625 τῶν
881 559 1002 646 χάραν
1021 565 1078 627 ἵνα

71 653 250 735 διεξιόντες
265 661 299 725 οί
305 655 462 741 Ἕλληνες
482 652 527 742 μή
542 658 665 739 ἴδοιεν,
688 657 1000 743 συμμετρησάμενοι
1016 654 1078 742 τήν

71 751 165 840 όόρην
188 760 247 840 τής
270 752 395 842 ἡμέρης
417 749 540 830 νυκτός
564 757 726 837 παρῆγον.
760 754 887 821 ἔστιδὲ
910 759 956 844 τῷ
979 754 1077 846 χάρςο

70 855 178 944 τούτῳ
193 853 324 942 οὕνομα
336 853 462 942 Ἴρασα.
492 850 674 938 ἀγαγόντες
694 852 734 919 δέ
747 871 852 937 σφεας
873 855 926 921 ἐπὶ
946 858 1077 941 κρήνην

69 952 255 1038 λεγομένην
276 951 361 1020 εἶναι
379 950 589 1028 ’Λπόλλωνος
612 947 726 1017 ελπαν·
753 945 893 1037 ’Ἄνδρες
907 949 1075 1037 Ἕλληνες,
1105 982 1109 992 ’

69 1049 220 1115 ἐνθαῦτα
233 1045 317 1134 ’ὑμῖν
331 1049 506 1136 ἐπιτήδεον
523 1049 661 1116 οἰκέειν·
684 1049 834 1115 ἐνθαῦτα
854 1045 952 1135 γάρὸ
971 1046 1076 1135 οόρα-

68 1141 129 1222 νός
142 1149 303 1231 τέτρηται.
346 1144 416 1215 Ἐπὶ
431 1148 493 1233 μέν
507 1171 574 1213 νυν
584 1144 717 1213 Βάττου
730 1169 766 1212 τε
781 1150 842 1212 τοῦ
853 1149 1005 1213 οίκιστέιο
1020 1151 1077 1229 τῆς
1095 1157 1144 1220 159

69 1239 145 1327 ζόης
161 1239 322 1328 ἄρξαντος
337 1245 390 1310 έπλ
401 1242 645 1328 τεσσεράκοντα
656 1244 730 1308 έτεα
743 1242 870 1309 καὶτοῦ
881 1238 1077 1320 παιδόςαό-

68 1346 130 1405 τοῦ
141 1336 336 1428 Ἀρκεσίλεω
357 1340 521 1428 ἄρξαντος
540 1342 714 1408 ἑκκαίδεκα
729 1345 804 1407 έτεα
824 1348 937 1406 οίκεον
953 1343 988 1407 oi
1001 1346 1075 1406 Kv-

68 1455 202 1527 ρηναῖοι
224 1442 335 1522 ἐόντες
355 1449 527 1528 τοσοῦτοι,
549 1439 623 1507 ὅσοι
648 1437 755 1528 ἀρχήν
779 1441 813 1518 ές
834 1436 896 1526 τήν
917 1437 1075 1525 ἀποικίην

69 1539 272 1626 ἐστάλησαν·
294 1543 347 1609 ἐπὶ
363 1545 399 1609 δὲ
421 1547 484 1609 τοῦ
499 1546 631 1626 τρίτου,
651 1541 784 1609 Βάττου
799 1545 860 1607 τοῦ
876 1537 1075 1626 εὐδαίμονος

68 1637 463 1726 καλεομένου,Ἕλληνας
473 1637 601 1716 πάντας
616 1635 750 1724 όόρμησε
760 1637 911 1725 χρήσασα
923 1635 944 1724 ή
955 1643 1073 1723 Πυθίη

67 1736 194 1806 πλάειν
215 1736 480 1822 συνοικήσοντας
500 1742 724 1821 Κυρηναίοισι
743 1735 893 1822 Λιβύην·
915 1737 1073 1803 έπεκαλέ-

68 1858 147 1903 οντο
166 1832 233 1919 γάρ
250 1838 285 1903 ol
297 1841 485 1920 Κυρηναῖοι
511 1834 564 1900 ἐπὶ
590 1839 650 1918 γής
671 1829 862 1923 ἀναδασμῷ.
897 1837 1014 1918 ἔχρησε
1035 1832 1073 1899 δὲ

68 1926 134 2002 όδε
149 1938 284 2019 ἔχοντα·

122 2035 179 2115 ’Ός
194 2034 234 2103 δέ
247 2059 306 2103 κεν
322 2033 355 2114 ές
368 2031 503 2123 Λιβύην
517 2030 731 2117 πολυήρατον
745 2025 889 2116 ὕστερον
903 2033 987 2115 ἔλθη

130 2138 198 2210 Γᾶς
211 2129 472 2218 ἀναδαιομένας,
494 2130 576 2217 μετά
590 2125 722 2197 οίποκά
734 2151 820 2214 φαμι
830 2125 996 2216 μελήσειν.

68 2233 309 2314 συλλεχθέντος
324 2230 361 2296 δὲ
378 2227 499 2314 ὁμίλου
518 2232 646 2294 πολλοῦ
663 2228 696 2304 ές
715 2223 778 2312 τήν
793 2227 957 2314 Κυρήνην
968 2251 1071 2314 ’περι-

67 2326 270 2412 ταμνόμενοι
283 2333 348 2411 γήν
363 2323 492 2410 πολλήν
506 2329 541 2392 οί
552 2329 716 2409 περίοικοι
730 2329 853 2410 Λίβυες
867 2328 923 2391 καὶ
939 2322 958 2391 δ
973 2332 1071 2412 βασι-

68 2421 147 2502 λεάς
161 2418 290 2510 αὐτῶν,
312 2429 359 2514 τῷ
374 2421 504 2507 οὔνομα
518 2414 564 2507 ήν
575 2417 748 2508 Ἀδικράν,
768 2414 823 2488 οἱα
841 2427 899 2507 τῆς
913 2445 949 2488 τε
962 2421 1071 2508 χόρης

67 2521 319 2612 στερισκόμενοι
330 2524 386 2590 καὶ
396 2520 685 2609 περιυβριζόμενοι
695 2517 762 2588 ὑπὸ
773 2527 842 2590 τόν
853 2528 1069 2609 Κυρηναίων,

66 2622 256 2708 πέμψαντες
270 2623 303 2700 ές
313 2629 489 2707 Αἴγυπτον
503 2624 625 2689 ἔδοσαν
639 2623 742 2706 σφέας
756 2617 881 2700 αὐτοδς
893 2618 1010 2710 Ἀπρίη
1024 2628 1070 2711 τῷ

64 2719 242 2805 Αἰγύπτου
262 2719 399 2806 βασιλέϊ.
432 2715 510 2786 ὅδὲ
532 2719 691 2796 συλλέξας
714 2713 857 2804 στρατόν
874 2724 1070 2805 Αίγυπτίων
1107 2779 1117 2795 .,

66 2815 193 2887 πολλὸν
207 2823 333 2907 ἔπεμπε
353 2819 406 2885 ἐπὶ
419 2815 482 2904 τήν
496 2817 669 2905 Κυρήνην.
699 2820 734 2883 ολ
752 2816 788 2883 δὲ
803 2822 990 2903 Κυρηναῖοι
1014 2819 1070 2885 έκ-

65 2915 349 3004 στρατενσάμενοι
367 2919 400 2994 ές
409 2914 528 3004 Ἴρασα
542 2922 654 3003 χῶρον
668 2917 723 2983 καὶ
737 2916 790 2983 ἐπὶ
804 2915 934 3003 κρήνην
949 2920 1069 2987 Θέστιν

64 3013 255 3102 συνέβαλόν
276 3040 312 3082 τε
335 3028 421 3083 τοῖσι
437 3021 650 3102 Αἰγυπτίοισι
673 3015 729 3081 καὶ
748 3017 907 3100 ἐνίκησαν
927 3020 967 3104 νή
983 3035 1070 3101 συμ-

59 3119 156 3203 βολή.
199 3114 256 3183 άτε
279 3111 346 3204 γάρ
369 3109 411 3183 οό
435 3116 667 3201 πεπειρημένοι
690 3109 854 3200 πρότερον
878 3115 914 3180 ολ
935 3112 1073 3200 Αίγάπ-

59 3242 121 3284 τιοι
141 3212 310 3302 Ἑλλήνων
332 3214 391 3282 καὶ
416 3211 679 3303 παραχρεόμενοι
709 3207 943 3300 διεφθάρησαν
974 3213 1074 3303 οὕτω,

63 3312 150 3385 ὥστε
181 3312 289 3401 όλίγοι
317 3313 405 3394 τινές
436 3308 550 3382 αάιοῖν
573 3309 805 3398 ἀπενόστησαν
829 3314 862 3393 ές
887 3324 1074 3399 Αἴγυπτον.

62 3412 139 3485 ἀντὶ
173 3414 303 3484 τούτων
334 3413 509 3500 Αἰγύπτιοι
543 3410 802 3501 ἐπιμεμφόμενοι
831 3410 952 3504 Ἀπρίη
988 3410 1074 3481 ἀπέ-
