2354 3840
261 174 265 179 ’
326 207 402 262 ιιε
442 208 474 262 ιι.
508 207 605 262 οΑι.
638 212 812 266 ιιι-ιιι.
1007 199 1066 264 207

66 391 120 432 ται
142 368 306 448 χρᾶσθαι,
331 361 548 446 ἐντανύουσι,
569 358 672 429 ἐπεάν
695 363 948 451 δέηρήσωνται,
970 365 1068 433 ἐκλό-

65 485 152 534 ουσι,
187 467 218 530 εί
241 461 306 549 γάρ
326 459 373 547 δή
404 460 465 529 τόν
496 461 605 529 πάντα
624 462 755 548 Ιηρόνου
785 465 981 547 ἐντεταμένα
1005 472 1067 548 είη,

60 565 220 649 ’ἐκραγείη
247 555 307 644 ἀν,
341 557 425 626 ὅστε
450 562 482 637 ἐς
505 557 543 626 τό
559 561 642 626 1δέον
663 557 727 626 οὐκ
747 555 792 626 ἀν
812 564 919 644 έχοιεν
940 555 1067 625 αὑιοίσι

64 665 220 745 χρᾶσθαι.
245 653 392 742 οὸτωδή
408 656 464 723 καί
479 653 666 739 ἀνθρώπου
680 654 894 733 κατάστασις·
916 660 947 721 εί
957 657 1068 722 ἐθέλοι

64 753 360 824 κατεσπουδάσθαι
374 754 438 821 αίεί
453 755 536 838 μηδὲ
550 755 583 830 ἐς
599 760 759 839 παιγνίην
773 751 811 820 τό
828 763 927 839 μέρος
942 751 1067 821 ἑωυτόν

65 852 213 936 ἀνιέναι,
226 852 330 919 λάθοι
344 846 388 916 ἀν
404 847 477 936 ἤτοι
491 846 642 937 μανεὶςή
658 849 731 936 ὅγε
744 848 955 937 ἀπόπληκτος
968 851 1067 938 γενό-

64 976 174 1040 μενος.
195 946 236 1016 τά
251 944 315 1034 ἐγῶ
330 947 547 1035 ἐπιστάμενος
557 951 657 1035 μέρος
667 951 811 1038 έκατέρφ
825 949 924 1035 νέμω.
955 956 1066 1016 Ταῦτα

65 1052 128 1136 μέν
148 1044 227 1124 τοὺς
248 1042 555 1129 ,φίλουςάμείηοατοΙ
600 1045 740 1129 Λέγεται
755 1043 791 1111 δέ
805 1040 823 1112 ὁ
838 1043 990 1131 Ἄμασις,
1011 1046 1066 1113 καί
1087 1056 1132 1112 ¹74

65 1145 121 1212 ὅτε
133 1137 179 1231 ήν
194 1143 342 1227 ίδιάτης,
366 1138 410 1219 ὡς
424 1139 607 1226 φιλοπότης
620 1134 664 1226 ήν
679 1146 734 1208 καί
749 1141 997 1228 φιλοσκώμμων
1010 1145 1065 1209 καὶ

64 1238 219 1324 οὐδαμοῖς
233 1241 563 1322 κατεσπουδασμένος
577 1235 680 1323 ἀνήρ·
709 1237 795 1316 ὅκως
811 1243 850 1306 δέ
868 1266 928 1325 μιν
942 1244 1064 1307 ἐπιλεί-

63 1360 122 1405 ποι
137 1333 278 1404 πίυοντά
296 1336 402 1403 τεκαὶ
417 1331 629 1403 εὐπαθέοντα
642 1333 683 1403 τά
699 1335 868 1425 ἐπιτήδεα,
889 1342 1065 1406 κλέπτεσκε

64 1431 107 1503 ἀν
123 1432 273 1516 περιιόν.
298 1437 332 1500 οί
344 1430 377 1499 δ’
394 1431 437 1500 ἀν
447 1459 507 1519 μιν
518 1433 664 1519 φάμενοι
676 1441 763 1521 ἔχειν
774 1435 814 1505 τά
830 1441 973 1524 σφέτερα
981 1436 1065 1523 χρή-

62 1527 373 1619 ματαάρνεόμενον
384 1530 528 1616 ἄγεσκον
542 1533 594 1599 ἐπὶ
606 1533 785 1620 μαντήιον,
801 1533 884 1602 ὅκου
899 1533 1064 1603 ἑκάστοισι

62 1641 123 1717 είη.
156 1627 263 1698 πολλὰ
290 1628 353 1715 μὲν
377 1626 417 1715 δή
442 1631 497 1698 καί
519 1626 674 1716 ἡλίσκετο
700 1629 765 1699 ὑπό
786 1639 860 1703 τῶν
882 1638 1062 1718 μαντηίων,

62 1725 169 1797 πολλοὶ
190 1729 313 1797 δὲκαὶ
335 1724 522 1813 ἀπέφευγε.
568 1730 677 1798 ἐπείτε
706 1728 744 1798 δέ
770 1730 826 1796 καὶ
859 1732 1061 1816 ἐβασίλευσε,

61 1830 196 1912 ἐποίησε
206 1824 337 1894 τοιάδε·
360 1824 433 1893 ὅσοι
447 1828 510 1912 μέν
524 1822 628 1894 αὐτόν
641 1834 709 1897 τῶν
723 1835 817 1896 θεῶν
833 1825 1003 1896 ἀπέλυσαν
1017 1824 1062 1913 μή

61 1931 160 2012 φῶρα
174 1922 278 2010 εἶναι,
298 1923 431 1993 τούτων
447 1925 509 2011 μέν
523 1931 591 1990 τῶν
608 1929 691 2012 ίρῶν
706 1923 783 1993 οάτε
797 1927 969 2011 ἐπεμέλετο
985 1923 1062 1993 οὔτε

61 2027 96 2103 ἐς
112 2019 290 2109 ἐπισκευήν
301 2025 419 2091 ἐδίδου
441 2019 558 2110 οὐδὲν,
580 2020 659 2091 οὐδὲ
679 2024 822 2108 φοιτέων
829 2027 920 2095 ..ἔθυε
941 2021 984 2101 ὡς
1001 2020 1061 2090 οὐ-

60 2121 158 2201 δενὸς
181 2125 274 2190 ἐοῦσι
288 2120 415 2202 ,ἀξίοισι
440 2125 563 2203 ψευδέα
590 2148 626 2190 τε
651 2120 792 2209 μαντήια
816 2125 1061 2207 κεκτημένοισι·

60 2221 135 2288 ὅσοι
151 2223 191 2288 δέ
203 2246 263 2306 μιν
273 2225 462 2306 κατέδησαν
476 2228 574 2307 φοῖρα
595 2219 696 2308 εἶναι,
717 2220 847 2290 τούτων
864 2222 900 2288 δέ
918 2218 962 2300 ὡς
979 2216 1061 2306 ἀλη-

58 2321 149 2396 θέαις
164 2324 258 2387 θεάνν
278 2318 404 2386 ἐόντων
415 2321 475 2389 καί
497 2317 644 2400 ἀψευδέα
658 2319 801 2405 μαντήια
826 2319 1061 2404 παρεχομένων

57 2415 99 2484 τά
110 2415 257 2503 μάλιστα
271 2420 454 2503 ἐπεμέλετο.
499 2419 565 2486 Καὶ
577 2422 676 2483 τοῦτο
694 2415 756 2502 μέν
771 2418 808 2483 ἐν
821 2415 891 2485 Σάι·
903 2422 942 2502 τῇ
959 2412 1061 2498 Ἀθη-
1079 2426 1127 2484 176

57 2521 136 2605 υαίη
150 2516 342 2602 προπάλαια
353 2513 508 2602 θωμάσια
525 2509 580 2582 οἷα
598 2516 776 2601 ἐξεποίησε,
793 2510 919 2581 πολλὸν
933 2512 1060 2588 πάντας

57 2615 351 2704 ὑπερβαλλόμενος
364 2622 410 2708 τῷ
425 2642 460 2684 τε
474 2613 557 2697 ὑφεί
567 2619 623 2683 καί
636 2621 682 2703 τῷ
696 2613 848 2701 μεγάθεϊ,
863 2610 954 2680 ὅσων
970 2636 1006 2678 τε
1021 2607 1058 2676 τό

57 2719 206 2805 μέγαθος
221 2722 330 2785 λίθων
351 2718 419 2784 ἐστὶ
438 2717 494 2784 καί
508 2711 631 2783 ὁκοίων
645 2714 745 2799 τέων,
767 2719 864 2780 τοῦτο
883 2713 919 2778 δὲ
939 2717 1059 2777 κολοσ-

57 2813 139 2894 σοέις
153 2815 320 2902 μεγάλους
339 2818 394 2882 καί
411 2812 666 2900 ἀνδρόσφιγγας
680 2811 880 2900 περιμήκεας
901 2807 1058 2895 ἀνέθηκε,

55 2919 226 2992 λίθους-τε
249 2911 371 2992 ἀλλους
390 2914 424 2991 ἐς
445 2908 626 2998 ἐπισκευήν
646 2907 838 2996 ὑπερφυέας
858 2905 895 2974 τό
911 2911 1059 2993 μέγαθος

57 3012 198 3099 ἐκόμισε.
220 3009 367 3098 ήγάγετο
380 3009 420 3092 δὲ
434 3008 564 3078 τούτων
573 3006 652 3087 τούς
663 3011 725 3095 μὲν
736 3009 772 3074 έκ
783 3012 850 3073 τῶν
865 3000 948 3071 κατά
959 3003 1058 3085 Μέμ-

58 3135 119 3195 φιν
144 3110 290 3176 ἐουσέων
314 3109 551 3195 λιθοτομιέων,
579 3104 658 3184 τοὺς
683 3104 719 3172 δέ
746 3100 1000 3189 ὑπερμεγάθεας
1025 3101 1058 3178 ἐξ

53 3204 287 3293 Ἐλεφαντίνης
307 3204 423 3284 πόλιος
439 3205 546 3274 πλόον
560 3208 614 3273 καί
629 3213 733 3272 είκοσι
747 3199 898 3290 ήμερέων
913 3197 1058 3286 ἀπεχού-

55 3326 115 3393 σης
130 3301 196 3373 ἀπό
212 3304 326 3384 Σάιος.
356 3303 393 3372 τό
410 3304 447 3374 δέ
464 3303 527 3373 οὐκ
547 3302 666 3391 ἥκιστα
687 3298 799 3369 αὐτῶν
814 3297 898 3369 ἀλλά
916 3299 1057 3386 μάλιστα

56 3400 222 3491 θωμάζω,
252 3401 320 3472 ἐστὶ
355 3403 452 3471 τόδε·
485 3413 607 3488 οἴκημα
632 3400 841 3487 μουνόλιθον
867 3397 1121 3619 έκόμισψ
