2354 3840
112 190 174 251 220
488 196 734 257 HERODOTI

111 348 129 417 6
151 351 368 441 Ψαμμήνιτος
388 359 484 441 ἔλαβε
506 351 567 420 τόν
590 351 733 439 μισθόν·
763 349 902 431 ἀπιστάς
922 349 987 439 γάρ
1007 358 1115 438 Λίγυ-

109 455 226 528 πτίους
238 448 324 537 ἥλω,
340 452 447 518 ἐπείτε
475 448 511 517 δέ
526 451 679 529 ἐπάίστος
693 452 823 534 ἐγένετο
835 445 900 517 ὑπό
911 447 1112 536 Καμβύσεω,

110 542 189 631 αἷμα
207 546 335 634 ταύρου
350 544 438 614 πιών
455 543 605 615 ἀπέθανε
620 552 828 632 παραχρῆμα.
852 544 940 612 οὕτω
956 543 996 631 δὴ
1013 537 1113 622 οὗτος

64 659 95 713 16
111 643 310 729 ἐτελεύτησε.
355 642 538 732 Καμβύσης
553 645 589 712 δὲ
603 645 640 710 ἐκ
651 646 809 729 Μέμφιος
823 640 958 711 ἀπίκετο
975 646 1008 722 ἐς
1022 642 1112 710 Σάλυ

108 739 208 807 πόλιν
222 739 428 826 βουλόμενος
448 748 584 827 ποιῆσαι
604 736 644 808 τά
666 737 706 826 δὴ
729 741 784 806 καὶ
808 742 949 824 ἐποίησε.
1001 742 1112 808 ἐπείτε

108 833 172 921 γάρ
187 839 309 921 ἐσῆλθε
325 839 357 916 ἐς
370 837 411 906 τά
425 847 486 907 τοῦ
498 837 651 925 Ἀμάσιος
666 844 769 923 οίκία,
793 834 911 906 αὐτίκα
926 840 1058 906 ἐκέλευε
1074 840 1111 904 ἐκ

106 940 163 1020 της
177 941 283 1021 ταφῆς
297 932 357 1002 τόν
369 934 522 1022 Ἀμάσιος
533 940 635 1005 νέκυν
646 937 800 1022 ἐκφέρειν
812 941 884 1021 ἔξω,
901 933 945 1014 ὡς
957 936 993 1005 δὲ
1004 935 1111 1004 ταύτά

107 1037 141 1100 oc
160 1034 308 1102 ἐπιτελέα
329 1037 475 1122 ἐγένετο,
498 1041 683 1122 μαστιγοῦν
702 1037 833 1103 ἐκέλευε
848 1037 903 1102 καὶ
923 1031 982 1112 τάς
997 1041 1110 1120 τρίχας

106 1127 296 1200 ἀποτίλλειν
310 1137 365 1201 καὶ
385 1140 549 1222 κεντροὺυ
569 1135 678 1200 τεκαὶ
701 1126 804 1201 τᾶλλα
824 1131 933 1200 πάντα
947 1137 1107 1217 λυμαίνε-

106 1238 197 1297 σθαι.
235 1232 342 1298 ἐπείτε
362 1232 397 1299 δὲ
413 1233 467 1300 καὶ
483 1239 586 1300 ταῦτα
605 1236 730 1317 ἔκαμον
749 1236 921 1307 ποιεῦντες
935 1224 969 1317 (6
984 1225 1049 1313 χάρ
1067 1227 1107 1314 δὴ

105 1324 224 1410 νεκρός
251 1326 309 1396 ἀτε
328 1331 597 1416 τεταριχευμένος
622 1325 752 1413 ἀντεῖχέ
773 1352 809 1394 τε
833 1327 887 1393 καί
912 1320 1013 1392 οὐδὲν
1038 1327 1107 1390 διε-

105 1425 228 1509 χέετο),
244 1426 398 1493 ἐκέλευσέ
407 1453 466 1513 μιν
481 1426 694 1514 ὁΚαμβύσης
708 1431 929 1510 κατακαῦσαι,
952 1420 1101 1491 ἐντελλό·

105 1546 205 1603 μενος
220 1520 282 1589 οὐκ
304 1524 389 1592 ὅσια.
433 1529 559 1615 Πέρσαι
579 1525 644 1613 γάρ
663 1524 749 1595 θεόν
769 1523 992 1612 νομίζουσι
961 1551 1047 1594 ειναι
1067 1523 1103 1592 τό

104 1615 243 1701 πῦρ.τό
261 1613 309 1687 ἀν
330 1631 520 1692 κατακαίειν
539 1623 618 1703 τούς
634 1622 775 1710 νεκρούς
792 1620 945 1709 οὐδαμῶς
959 1623 1053 1692 ἐν’
1011 1651 1104 1716 νομφ

105 1711 311 1802 οὐδετέροισί
329 1721 413 1806 ἐστι,
439 1726 588 1810 Πέρσησι
608 1722 670 1808 μὲν
696 1717 784 1789 δι’”
764 1745 849 1838 οπερ
867 1730 1011 1807 είρηται,
1032 1729 1103 1811 θεῷ

104 1805 145 1875 οὐ
173 1813 303 1880 δίκαιον
328 1813 411 1884 εἶναι
439 1819 591 1904 λέγοντες
616 1821 730 1904 νέμειν
752 1815 875 1901 νεκρὸν
904 1793 1102 1905 ἀνθράπού,

101 1912 314 1992 Αἰγυπτίοισι
338 1917 374 1982 δὲ
395 1916 587 2001 νενόμισται
608 1912 644 1982 τό
663 1922 730 1999 πῦρ
747 1920 871 2000 θηρίον
889 1912 974 1981 εἶναι
995 1920 1102 2000 ἔμφυ-

100 2031 170 2091 χον,
186 2007 295 2076 πάντα
310 2010 402 2079 δέ’
360 2012 442 2081 αυτό
458 2019 649 2082 κατεσθίειν
670 2010 772 2097 τάπερ
784 2008 828 2079 ἀν
838 2010 934 2099 λάβῃ,
949 2014 1102 2098 πλησθεν

100 2104 213 2189 δὲτης
236 2110 337 2192 βορῆς
362 2107 655 2194 συναποθνήσκειν
677 2113 725 2199 τῷ
748 2112 1004 2201 κατεσθιομένῳ.
1039 2108 1102 2178 οὐκ

99 2196 147 2270 τόν
169 2211 318 2288 θηρίοισι
344 2203 445 2306 νόμος
472 2202 629 2296 οὐδαμῶς
655 2215 720 2295 σφί
743 2207 869 2275 ἐστι
835 2236 894 2278 τον
919 2208 1024 2278 νέκυν
1050 2214 1100 2278 δι

97 2295 210 2383 δόναι,
229 2302 283 2368 καὶ
298 2301 353 2371 διά
369 2313 472 2373 ταῦτα
487 2309 715 2394 ταριχεύουσι,
733 2311 789 2374 ἵνα
803 2334 848 2394 μη
837 2303 1045 2393 κείμενος’
1028 2306 1094 2376 υπό

97 2392 222 2464 εὐλέων
245 2408 457 2492 καταβρωθῇ.
491 2404 579 2472 οὕτω
604 2403 644 2491 δη
672 2402 875 2493 οὐδετέροισι
896 2405 1095 2493 νομιζόμενα

96 2497 280 2564 ἐνετέλλετο
301 2502 427 2569 ποιέειν
451 2499 469 2569 6
491 2503 683 2590 Καμβύσης.
717 2499 761 2581 ὡς
782 2504 948 2589 μέντοιΑ
948 2505 1094 2588 ίχύπτιοι

94 2595 246 2680 λέγουσι,
270 2593 332 2663 οὐκ
342 2593 525 2684 ’Ἀμασις
503 2627 547 2687 ην
568 2599 585 2669 6
607 2628 710 2670 ταυτα
731 2599 871 2688 παθών,
895 2599 971 2671 άλλ’
995 2601 1094 2680 ἀλλος

94 2698 161 2757 τῶν
176 2717 225 2770 τις
236 2699 431 2778 Αἰγυπτίων
448 2703 532 2784 ἔχων
551 2697 613 2786 την
628 2696 734 2785 αὐτην
748 2698 881 2785 ἡλικίην
893 2697 1026 2786 Ἀμάσι,
1048 2706 1092 2788 τῷ

92 2791 331 2910 λυμαινόμενοι
346 2797 473 2883 Πέρσαι
492 2796 627 2865 ἐδόκεον
643 2794 759 2882 Ἀμάσι
776 2804 1008 2882 λυμαίνεσθαι.
1037 2800 1092 2866 λέ-

91 2908 189 2972 χουσι
212 2887 293 3009 γὰρ,
323 2888 367 2970 ὡς
387 2895 582 2981 πυθόμενος
605 2898 642 2963 ἐκ
666 2901 830 2981 μαντηίου
855 2891 873 2963 6
895 2893 1031 2980 Ἀμασις
1052 2895 1091 2962 τά

90 2988 208 3069 περὶ
191 2987 318 3057 εωντόν
348 2988 565 3061 ἀποθανόντα
590 2997 703 3079 μέλλοι
730 3000 902 3078 γίνεσθαι,
930 2992 1019 3061 οὕτω
1051 2992 1090 3080 δη

90 3078 272 3167 ἀκεόμενος
296 3087 335 3154 τά
358 3089 636 3175 ἐπιφερόμενα
601 3118 662 3158 τον
683 3092 746 3178 μέν
768 3091 954 3179 ἀνθρωπον
971 3099 1091 3160 τοῦτον

88 3175 150 3248 τόν
164 3188 416 3267 μαστιγωθέντα
439 3183 657 3256 ἀποθανόντα
681 3196 788 3272 ἔθαψε
809 3193 861 3259 ἐπὶ
874 3212 948 3280 τησι
962 3191 1090 3280 θύρησι

89 3275 235 3355 ἐντός
197 3306 254 3364 της
271 3282 398 3349 ἑωυτοῦ
413 3283 563 3371 θήκης,
546 3284 673 3353 εωυτόν
689 3288 724 3356 δέ
739 3292 922 3358 ἐνετείλατο
937 3317 983 3381 τφ
969 3291 1089 3358 παιδὶ

87 3379 124 3442 ἐν
138 3383 231 3464 μυχῷ
251 3384 308 3464 τῆς
325 3379 476 3467 θήκης’
455 3408 499 3460 ως
518 3385 661 3470 μάλιστα
682 3396 804 3456 θεῖναι.
832 3393 869 3456 αἱ
883 3391 980 3478 μέν
965 3416 1031 3459 νυν
1053 3393 1089 3458 ἐκ
