2354 3840
130 199 172 260 σο
507 187 760 284 εικέοοοει

131 365 296 445 γλῶσσαν,
317 353 400 427 κατά
416 359 451 426 δὲ
466 353 528 444 τὴν
544 352 705 444 Μηδικὴν
720 353 865 425 Σπακοό·
888 352 950 443 τὴν
963 351 1031 443 μάρ
1047 352 1127 423 κόνα

131 456 284 524 καλέουσι
302 456 412 524 σπάκα
427 460 550 542 Μῆδοι.
574 459 611 524 αί
620 455 657 522 δέ
671 450 825 542 ὑπόρεαί
838 460 900 523 είσι
912 459 981 522 τῶν
993 449 1126 539 οὐρέων,

131 559 215 621 ἔνθα
240 550 299 632 τάς
324 551 430 639 νομάς
455 560 523 620 τῶν
538 559 630 638 βοῶν
654 551 718 638 εἶχε
741 545 839 631 οὗτος
863 549 904 639 δὴ
922 550 939 621 ὁ
956 550 1126 640 βουκόλος,

130 648 213 736 πρός
233 651 342 738 βορέω
365 677 399 719 τε
426 647 554 735 ἀνέμου
580 647 873 736 τῶνἉμβατάνων
894 653 948 718 καί
968 646 1056 738 πρὸς
1075 655 1126 717 τοί

69 804 72 810 ,
130 747 258 815 πόντου
271 755 334 815 τοῦ
348 744 521 828 Εὐξείνου.
558 745 663 835 ταύτῃ
685 747 747 832 μὲν
769 743 835 834 μάρ
851 744 871 835 ἡ
889 743 1027 834 Μηδικὴ
1043 745 1126 834 χόρη

129 841 214 931 πρὸς
236 852 437 933 Σασπείρων
460 841 574 932 όρεινή
590 845 658 912 ἐστι
686 843 792 932 κάρτα
820 849 874 913 καὶ
891 843 1005 933 ὑψηλή
1027 871 1063 912 τε
1079 844 1125 912 καί

130 949 219 1032 ἴδῃσι
242 942 452 1032 συνηρεφὴς,
476 941 497 1033 ἡ
524 946 560 1013 δὲ
580 942 665 1030 ἀλλη
682 941 818 1031 Μηδικὴ
844 943 935 1033 χαίρῃ
956 947 1024 1013 έστὶ
1045 953 1125 1013 πᾶσι

129 1040 259 1120 ἀπεδος.
298 1043 367 1109 ἐπεὶ
383 1034 431 1110 ἀν
446 1040 463 1109 ὁ
480 1040 644 1129 βουκόλος
660 1044 791 1129 σπουδῇ
811 1049 917 1130 πολλῇ
931 1039 1126 1125 καλεόμενος
1149 1066 1152 1071 ·

130 1139 276 1226 ἀπίκετο,
293 1145 384 1227 ἔλεγε
400 1139 592 1228 δ”Αρκαμος
610 1140 704 1208 τάδε·
737 1140 877 1208 Κελεόει
894 1163 932 1208 σε
950 1137 1125 1224 Ἀστυάγης

128 1235 165 1306 τό
182 1243 316 1306 παιδίον
336 1246 433 1306 τοῦτο
449 1237 596 1326 λαβόντα
616 1248 727 1305 θεῖναι
746 1239 779 1316 ἐς
792 1235 829 1305 τό
846 1236 1053 1325 ἐρημότατον
1067 1240 1125 1303 τόν

128 1333 276 1424 οὐρέων,
302 1334 389 1415 ὅκως
415 1333 458 1404 ἀν
483 1335 618 1422 τάχιστα
645 1340 859 1423 διαφθαρείη.
894 1337 950 1403 καί
976 1333 1058 1401 τόδε
1080 1357 1123 1411 τοι

84 1470 90 1477 1
127 1434 281 1503 ἐκέλευσε
298 1439 413 1518 εἰπεῖν,
429 1430 472 1521 ἢν
489 1430 532 1520 μὴ
550 1430 748 1522 ἀποκτείνῃς
765 1430 859 1520 αάτό,
876 1429 960 1501 ἀλλά
976 1457 1040 1523 τεςο
1057 1428 1141 1518 τρό·

126 1552 179 1620 πρι
195 1528 428 1617 περιποιήσῃς,
447 1527 579 1621 ὀλέθρῳ
594 1537 639 1621 τῷ
655 1538 798 1622 κακίστην
814 1549 850 1597 σε
869 1528 1119 1616 διαχρήσεσθαι·

127 1631 253 1714 ἐπορᾶν
268 1632 304 1696 δὲ
321 1632 514 1716 ἐκκείμενον
532 1629 687 1717 τέταγμαι
704 1631 778 1717 ἔχω’.

61 1768 108 1820 m
215 1733 326 1794 Ταῦτα
343 1724 489 1807 ἀκούσας
508 1724 526 1796 ό
549 1726 713 1805 βουκόλος
733 1729 787 1794 καί
802 1723 983 1813 ἀναλαβοδν
1000 1723 1038 1792 τό
1055 1749 1122 1792 παι·

127 1827 200 1891 δίον
215 1820 267 1909 ἤιε
290 1820 353 1910 την
367 1820 473 1910 αὐτὴν
488 1823 595 1894 ὀπίσω
610 1822 709 1911 ὁδόν,
736 1827 791 1893 καί
812 1821 1003 1915 ἀπικνέεται
1024 1825 1059 1903 ές
1070 1818 1124 1909 τὴν

127 1927 276 1990 ἔπαυλιν.
314 1928 359 2012 τῷ
377 1919 408 1989 δ’
425 1921 490 2009 ἀρα
504 1927 558 1991 καί
574 1919 664 2012 αὐτῷ
678 1918 699 2009 ἡ
721 1918 808 2007 γυνὴ
827 1924 933 2001 ἐπίτεξ
949 1924 1051 1989 ἐοῦσα
1066 1926 1124 1989 κά

126 2039 190 2087 σαν
212 2013 357 2106 ἡμέρην,
386 2018 461 2108 τότε
486 2047 553 2099 κως
575 2016 658 2087 κατά
675 2023 817 2105 δαίμονα
838 2025 940 2087 τίκτει
956 2021 1125 2106 οἰχομένου

125 2123 185 2182 τοῦ
199 2114 370 2203 βουκόλου
385 2119 418 2195 ές
433 2117 541 2187 πόλιν.
569 2111 658 2204 ἦσαν
672 2117 708 2185 δὲ
723 2118 760 2184 έν
775 2120 929 2202 φροντίδι
944 2115 1123 2203 ἀμφότεροι

124 2209 279 2299 ἀλλήλων
294 2213 381 2299 πέρι,
397 2212 415 2282 ὁ
430 2215 494 2301 μὲν
504 2222 566 2283 τοῦ
577 2214 681 2282 τόκου
691 2221 748 2300 τῆς
762 2213 923 2301 γυναικός
937 2212 1123 2303 ἀρρωδέων,

122 2309 199 2397 ἡδὲ
214 2307 319 2399 γυνὴ,
346 2311 366 2379 ὅ
390 2340 421 2380 τι
447 2310 510 2381 οὐκ
531 2309 648 2391 έωθοδς
668 2309 862 2401 δ”Αρπαγος
882 2314 1124 2400 μεταπέμψαιτο
1159 2400 1162 2405 .

123 2408 224 2497 αὐτῆς
238 2408 298 2478 τόν
313 2410 430 2500 ἀνδρα.
483 2412 588 2480 ἐπείτε
613 2414 650 2481 δὲ
666 2410 898 2499 ἀπονοστήσας
912 2414 1051 2501 ἐπέστη,
1077 2406 1124 2481 οἷα

123 2511 155 2589 έξ
171 2506 315 2576 ἀέλπτου
333 2512 451 2576 ἰδοῦσα
467 2504 488 2594 ἡ
505 2506 591 2594 γυνη
610 2516 715 2596 είρετο
730 2509 886 2594 προτέρη,
912 2507 933 2576 ὅ
947 2536 977 2578 τι
994 2536 1054 2596 μιν
1070 2505 1125 2577 οά-
1163 2510 1166 2569 ἶ

121 2634 168 2675 τω
190 2608 377 2695 προθύμως
389 2605 558 2694 ’Ἅρπαγος
578 2608 835 2694 μεταπέμψαιτο.
863 2606 881 2676 ὁ
906 2613 941 2676 δὲ
962 2608 1051 2678 εἶπε·
1087 2605 1123 2679 'a

121 2704 240 2792 μόναι,
267 2702 359 2772 εἶδόν
386 2730 421 2770 τε
445 2706 477 2782 ές
494 2704 594 2773 πόλιν
611 2701 724 2772 ἐλθόν
741 2708 795 2773 καί
809 2702 955 2794 ἤκουσα,
979 2707 1018 2777 τδ
1048 2709 1124 2798 μήτε

121 2808 205 2870 ἰδεῖν
221 2797 354 2886 ὤφελον
370 2798 452 2889 μήτε
469 2800 545 2869 κοτὲ
559 2802 719 2887 γενέσθαι
731 2805 764 2881 ές
776 2803 938 2884 δεσπότας
951 2803 1033 2886 τοὺς
1047 2804 1127 2896 ἡμε-

120 2903 246 2988 τέρους.
276 2896 370 2979 ὀἶκος
392 2901 455 2986 μὲν
477 2907 542 2979 πᾶς
558 2898 731 2988 Ἀρπάγον
756 2910 920 2994 κλαυθμῷ
944 2913 1123 2994 κατείχετο·

122 2998 187 3087 ἐγδ
203 3001 239 3066 δὲ
254 3000 428 3084 ἐκπλαγεὶς
438 2995 495 3086 ἤια
506 3005 579 3069 ἔσω.
604 2997 699 3080 ὡςδὲ
714 3000 850 3087 τάχιστα
867 3005 1025 3090 ἐσῆλθον,
1043 3001 1125 3090 ὁρέω

121 3100 256 3165 παιδίον
276 3103 498 3184 προκείμενον
519 3093 685 3184 ἀσπαῖρόν
707 3125 741 3165 τε
763 3101 817 3166 καὶ
837 3098 1124 3187 κραγμανόμενον,

120 3195 372 3279 κεκοσμημένον
391 3202 505 3284 χρυσῷ
521 3220 557 3264 τε
578 3199 632 3264 καὶ
648 3198 764 3282 ἐσθῆτι
778 3204 921 3286 ποικίλῃ.
959 3196 1126 3285 ’Ἅρπαγος
1157 3194 1160 3199 ’

120 3304 156 3362 δὲ
173 3289 217 3370 ὡς
234 3291 301 3362 εἶδέ
315 3321 367 3381 με,
383 3295 514 3363 ἐκέλευε
530 3294 592 3383 την
605 3301 761 3382 ταχίστην
775 3293 988 3384 ἀναλαβόντα
1000 3293 1038 3364 τὸ
1050 3319 1125 3363 παν

116 3392 194 3457 δίον
209 3399 359 3477 οίχεσθαι
376 3394 540 3479 φέροντα,
558 3396 613 3461 καί
627 3403 740 3461 θεῖναι
755 3399 841 3461 ἔνθα
856 3396 1126 3481 θηριωδέστατον
1145 3424 1149 3431 ·

82 3468 154 3608 Ι
