2354 3840
167 198 253 256 LIB.
285 198 329 253 111.
364 197 459 254 cAP.
490 199 690 258 leo-LIB.
723 201 770 256 lv.
805 200 902 259 CAP.
936 208 962 262 3.
1006 200 1069 265 295

65 354 206 434 Σκύθας
229 352 507 442 ἀποδημήσαντας
529 351 614 423 όκτά
639 359 695 424 καλ
715 365 819 425 είκοσι
841 364 914 427 ἔτεα
935 364 990 429 καὶ
1013 360 1067 431 διά

63 454 190 542 χρόνου
209 456 373 523 τοσούτου
392 455 568 532 κατιόντας
589 459 622 532 ἐς
638 452 700 540 τὴν
721 461 885 543 σφετέρην
902 461 1067 540 ἐξεδέξατο

51 549 127 645 οῦκ
141 551 293 619 ἐλάσσων
313 553 418 630 πόνος
440 559 501 619 τοῦ
521 556 697 638 Μηδικοῦ·
727 546 829 640 εῦρον
849 554 914 642 γάρ
931 555 1066 625 ἀντιευ-

62 656 170 738 μένην
184 670 245 736 σφι
260 647 418 737 στρατιὴν
440 647 503 720 οῦκ
521 647 655 736 ὀλίγην·
685 656 721 718 αί
732 649 798 737 γὰρ
815 659 884 720 τῶν
897 658 1067 722 Σκυθέων

62 761 236 836 γυναῖκες,
260 745 304 825 ῦς
328 768 389 832 σφι
417 753 450 816 οί
474 746 595 833 ἄνδρες
620 745 753 834 ἀπῆσαν
778 751 902 837 χρόνον
928 749 1065 836 πολλὸν,

62 848 218 932 ἐφοίτεον
233 843 323 931 παρὰ
338 843 417 924 τοῦς
433 845 587 924 δούλους.
625 843 712 924 Τοῦς
724 849 759 914 δὲ
772 849 916 927 δούλους
932 853 964 917 οί
974 847 1069 916 Σκύ-
1084 857 1100 908 2

62 955 124 1013 θαι
134 944 263 1021 πάντας
277 949 444 1028 τυφλοῦσι
458 950 519 1010 τοῦ
531 943 694 1029 γάλακτος
709 947 837 1013 εἵνεκεν
848 952 909 1013 τοῦ
920 953 1067 1031 πίνουσι,

62 1047 235 1128 ποιεῦντες
263 1032 344 1108 οῦδε·
383 1038 484 1108 έπεάν
512 1047 706 1128 φυσητῆρας
730 1042 860 1128 λάβωσι
885 1041 1067 1129 ὀστεΐνους,

62 1136 195 1207 αὐλοῖσι
211 1137 582 1226 προσεμφερεστάτους,
604 1139 746 1217 τούτους
768 1144 922 1221 ἐσθέντες
946 1144 979 1221 ἐς
1000 1149 1068 1209 τάν

60 1237 196 1324 θηλέων
217 1241 331 1304 ἵππων
347 1234 387 1304 τά
409 1234 523 1324 ἀρθρα
536 1236 792 1320 φυσέουσιτοίσι
803 1236 953 1323 στόμασι,
973 1235 1068 1306 ἀλλοι

61 1340 98 1404 δὲ
114 1333 226 1405 ἄλλων
241 1333 439 1421 φυσεόυτων
457 1332 646 1420 ἀμέλγουσι.
671 1336 754 1418 φασὶ
768 1338 804 1402 δὲ
819 1341 918 1402 τοῦδε
937 1339 1066 1403 εἵνεκεν

60 1442 160 1504 τοῦτο
175 1436 317 1502 ποιέειν·
346 1433 405 1512 τάς
430 1437 556 1521 φλέβας
575 1458 611 1500 τε
628 1437 840 1516 πίμπλασθαι
857 1435 1067 1519 φυσεομένας

60 1541 120 1622 τῆς
132 1537 240 1601 ἵππου
254 1537 310 1600 καί
329 1530 367 1600 τό
391 1526 503 1619 οῦθαρ
521 1538 704 1600 κατίεσθαι.
734 1529 836 1599 ἐπεάν
851 1533 887 1600 δὲ
902 1529 1066 1618 ἀμέλξωσι

61 1630 98 1701 τό
119 1630 223 1718 γάλα,
246 1632 415 1715 ἐσχέαντες
435 1632 468 1708 ἐς
490 1629 609 1709 ξύλινα
632 1627 755 1716 ἀγγήια
778 1638 874 1698 κοῖλα
895 1633 950 1698 καὶ
971 1654 1067 1714 περι-

62 1735 228 1811 στίξαντες
251 1726 335 1796 κατά
359 1726 400 1796 τά
426 1725 548 1815 ἀγγήια
573 1725 652 1806 τοῦς
672 1725 822 1815 τυφλούς
850 1730 1004 1795 δονέουσι
1028 1725 1065 1795 τό

62 1829 159 1916 γάλα,
166 1829 223 1894 καί
232 1824 269 1892 τό
281 1825 343 1911 μὲν
353 1822 459 1892 αὐτοῦ
467 1826 689 1909 ἐπιστάμενον
700 1822 931 1909 ἀπαρύσαντες
941 1820 1066 1909 ἡγεῦν·

61 1952 115 1993 ται
133 1922 218 1992 εἶναι
232 1923 446 2009 τιμιώτερον,
461 1921 498 1990 τὸ
517 1921 549 1990 δ’
567 1921 795 2008 ὑπιστάμενον
810 1923 909 1988 ἕσσον
920 1928 981 1988 τοῦ
997 1922 1064 1989 ἑτέ-

61 2047 135 2111 ρου.
158 2021 290 2089 τούτων
312 2021 374 2107 μὲν
398 2025 526 2088 εἵνεκεν
548 2019 697 2106 ἅπαντα,
720 2017 780 2086 τόν
801 2015 846 2086 ἀν
867 2019 1011 2106 λάβωσι,
1034 2023 1068 2086 οί

64 2118 201 2192 Σκύθαι
218 2120 439 2203 ἐκτυφλοῦσι·
469 2117 511 2186 οῦ
527 2116 591 2205 γάρ
614 2115 731 2204 ἀρόται
757 2120 834 2202 είσλ,
857 2114 941 2185 ἀλλά
959 2116 1065 2202 νομά-

63 2224 126 2295 δες.
155 2213 212 2284 Ἐκ
220 2214 351 2283 τούτων
366 2214 406 2303 δὴ
424 2210 472 2284 οῦν
487 2237 547 2302 σφι
562 2223 630 2283 τοῦν
646 2215 781 2283 δούλων
795 2218 850 2283 καὶ
864 2223 933 2282 τῶν
947 2229 1096 2301 γυναι-3

62 2322 134 2384 κῶν
148 2314 318 2401 ἐπετράφη
332 2316 467 2401 νεότης,
491 2323 526 2382 οδ
551 2317 656 2382 ἐπείτε
678 2320 809 2399 έμαθον
822 2311 885 2398 τὴν
900 2316 1065 2398 σφετέρην

62 2416 213 2499 γένεσιν,
245 2407 419 2498 ἠντιοῦντο
444 2409 574 2479 αὐτοῖσι
594 2417 748 2478 κατιοῦσι
772 2415 808 2477 ἐκ
832 2418 899 2476 τοῦν
921 2409 1062 2496 Μήδων.

62 2513 119 2578 καλ
132 2515 246 2594 πρῶτα
268 2511 330 2593 μέν
351 2505 413 2595 τὴν
433 2508 546 2594 χώρην
564 2503 772 2593 ἀπετάμοντο
789 2506 921 2592 τάφρον
942 2504 1065 2627 ὀρυξά-

63 2631 161 2694 μενοι
176 2603 297 2690 εῦρέαν
318 2610 581 2672 κατατείνουσαν
598 2607 634 2672 ἐκ
649 2611 717 2671 τῶν
738 2609 915 2690 Ταυρικῶν
936 2601 1064 2690 οὐρέων

63 2706 95 2782 ἐς
116 2727 179 2788 την
189 2708 343 2826 Μαιῆτιν
365 2709 504 2788 λίμνην,
532 2702 636 2791 τηπέρ
655 2703 722 2770 ε’στι
744 2706 897 2788 μεγίστη
926 2699 1007 2788 μετὰ
1029 2704 1065 2768 δέ

61 2802 306 2887 πειρεομένοισι
319 2803 494 2889 ἐσβάλλειν
510 2815 596 2869 τοῖσι
606 2802 766 2889 Σκύθησι
782 2797 1065 2885 ἀντικατιζόμενοι

10 2902 14 2909 ’
61 2898 232 2985 ἐμάχοντο.
256 2901 486 2986 γινομένηςδδ
502 2900 607 2986 μάχης
621 2899 781 2976 πολλάκις
795 2901 903 2966 καλου
892 2895 1066 2981 ’δυναμέ-

60 3021 134 3065 νων
149 2992 250 3062 οῦδὲν
265 3000 368 3065 πλέον
384 3003 471 3082 ἐχειν
486 3006 554 3066 τῶν
569 3001 739 3066 Σκυθέων
753 3023 792 3085 τη
812 2997 955 3083 μάχη,ε
940 2991 987 3074 εἷς
1002 2993 1065 3062 αῦ-

59 3120 129 3163 των
144 3097 234 3173 ἔλεξε
252 3095 347 3163 τάδε·
390 3088 453 3163 Οἷα
469 3103 647 3183 ποιεῦμεν,
669 3092 789 3180 ἀνδρες
803 3093 959 3174 Σκύθαις
982 3091 1064 3161 δού-

60 3201 150 3260 λοισι
174 3207 260 3260 τοῖσι
286 3189 476 3279 ἡμετέροισι
503 3194 684 3280 μαχόμενοι
708 3189 807 3260 αῦτοί
827 3219 861 3260 τε
888 3191 1064 3271 ἐλάσσονες

60 3289 272 3377 κτεινόμενοι
291 3292 459 3377 γινόμεθα
480 3296 535 3360 καλ
550 3295 699 3369 ἐκείνους
719 3297 904 3368 κτείνοντες
924 3289 1063 3358 ἐλασσό-

61 3414 133 3456 νων
146 3385 184 3456 τό
202 3385 323 3458 λοιπόν
338 3388 491 3478 ἀρξομεν.
520 3398 586 3458 νῦν
604 3385 653 3458 ἀν
673 3415 730 3477 μοι
745 3391 852 3457 δοκέει
868 3387 985 3472 αίημάς
1003 3392 1064 3473 μὲν
