2354 3840
141 195 202 257 126
528 196 781 256 HERODOTI

91 377 126 431 ου
139 352 302 422 Ὠκεανόν
316 359 381 441 γῆν
394 359 470 443 πέρι
490 360 602 421 πᾶσαν
615 355 713 443 ῥέειν.
751 352 796 422 Ἡ
809 357 846 423 δέ
858 361 953 442 τρίτη
969 361 1042 425 τοῖν
1055 352 1136 425 ὁδόν

140 451 266 523 πολλόν
291 453 518 539 ἐπιεικεστάτη
540 455 642 520 έούσα
668 451 812 538 μάλιστα
836 457 1006 533 ἔψευσται.
1058 454 1136 539 λέγει

140 552 205 641 γὰρ
223 551 263 640 δὴ
282 550 358 620 οὐδ’
381 548 465 640 αύτῆ
480 549 582 620 οὐδὲν
596 553 730 637 φαμένη
747 547 808 619 τόν
823 558 952 619 Νεῖλον
968 552 1065 639 ῥέειν
1078 546 1135 619 ἀτί

139 654 323 739 τηκομένης
346 650 475 738 χιόνος,
504 646 542 729 ὃς
565 652 633 738 ῥέει
656 651 719 736 μέν
742 653 779 718 έιι
799 650 929 737 Λιβύης
952 646 1010 718 διά
1033 650 1135 736 μέσον

138 749 338 833 Αίδιόπων,
361 750 490 817 έκδιδοτ
502 749 539 817 δέ
556 751 590 827 ές
605 756 790 834 Αἴγυπτον.
827 753 896 826 κοῖς
913 738 963 816 όν
977 750 1063 835 δῆτα
1073 746 1134 835 ῥέοι

141 839 185 909 άν
197 837 263 910 ἀπὸ
277 841 399 928 χιόνος,
412 838 478 910 ἀπό
492 847 561 910 των
572 839 788 928 θερμοτάτων
801 835 939 928 [τόπων]
953 839 1044 929 ῥέων
1054 842 1087 921 ές
1097 838 1131 909 τά

137 940 516 1031 γυχρότερα;μαρτύρια
525 938 591 1030 γάρ
600 939 708 1009 πολλά
717 937 896 1030 έστιάνδρί
902 966 941 1025 γε
949 946 1131 1026 λογιῗεσδυι

136 1034 299 1103 τοιούτων
319 1037 397 1118 πέρι
417 1037 478 1124 οίφ
497 1059 533 1101 τε
546 1034 652 1122 έόντι,
681 1032 726 1115 ὡς
740 1033 820 1104 ούδδ
837 1034 929 1116 οίκός
945 1033 1013 1105 ἀπό
1028 1036 1132 1123 χιόνος

135 1159 195 1219 μιν
209 1135 307 1220 ῥέειν.
337 1137 472 1216 πρῶτον
485 1132 549 1217 μέν
563 1133 619 1201 καί
635 1134 792 1219 μέγιστον
808 1135 998 1221 μαρτύριον
1013 1139 1050 1203 οί
1061 1130 1131 1203 ἀνι-

134 1257 192 1316 μοι
212 1232 411 1318 παρέχονται
431 1232 588 1308 πνέοντες
602 1227 668 1299 άπό
683 1237 751 1299 τόν
767 1234 902 1318 χωρέων
912 1232 1047 1301 τούτων
1055 1242 1128 1321 δερ-
1173 1276 1175 1283 -

134 1330 207 1416 μοί,
229 1328 388 1415 δεύτερον
404 1329 457 1414 δέ,
481 1327 532 1397 ὅτι
550 1326 718 1417 ἄνομβρος
734 1327 756 1418 ἡ
770 1330 861 1419 χεόρη
876 1334 933 1400 καί
948 1327 1129 1420 ἀκρύσταλ-

134 1434 192 1504 λος
208 1426 367 1493 διατελέει
381 1427 493 1513 έούυα,
517 1428 569 1494 ἐπὶ
584 1428 621 1495 δὲ
634 1427 724 1513 χιόνι
738 1429 888 1518 πεσούσῃ
900 1436 993 1499 πάσα
1007 1427 1130 1517 ἀνάγκη

136 1527 203 1594 ε’στλ
220 1517 299 1592 ύσαι
320 1526 357 1592 έν
377 1527 476 1593 πέντε
496 1523 653 1616 ἡμέρῃσι,
678 1525 762 1597 ὥστε
779 1534 809 1597 εί
821 1529 976 1616 ἐχιόνιζε,
999 1526 1078 1597 ύετο
1092 1522 1130 1595 ἀι

135 1631 239 1691 ταῦτα
253 1619 293 1690 τά
309 1629 424 1710 χωρία,
446 1631 539 1712 τρίτοι
554 1629 590 1694 δὲ
607 1632 642 1695 οί
653 1624 832 1716 ἅνθρωποι
846 1625 912 1696 ύπδ
927 1634 991 1696 τοῦ
1005 1626 1131 1715 καύμα-

135 1748 191 1801 τος
205 1722 345 1807 μέλανες
366 1721 493 1803 έόντες·
532 1729 652 1793 ίκτίνοι
668 1725 706 1793 δὲ
721 1727 778 1794 καί
796 1726 966 1813 χελιδόνες
983 1721 1030 1793 δι’
1048 1731 1130 1801 ἔτεος

135 1822 245 1902 ἐόντες
272 1817 336 1891 ούκ
359 1818 597 1911 ἀπολείπουσι,
629 1828 768 1912 γέρανοι
795 1827 830 1893 δὲ
862 1825 1054 1913 φεύγουσαι
1076 1818 1130 1891 τόν

133 1929 279 2008 χειμῶνα
294 1920 355 1992 τόν
369 1925 407 1991 έν
420 1929 461 2011 τῇ
477 1929 636 2012 Σκυθικῇ
648 1923 740 2012 χύρη
759 1921 942 2011 γινόμενον
962 1924 1130 2009 φοιτέουσι

134 2023 167 2098 ές
181 2027 354 2106 χειμασίην
365 2021 398 2098 ές
411 2017 490 2098 τούς
504 2020 627 2099 τόπους
641 2020 791 2102 τούτους.
823 2028 854 2091 εί
864 2028 983 2091 τοίνυν
998 2019 1130 2109 ἐχιόνιζε

133 2119 188 2184 καὶ
205 2112 338 2184 ὁσονῶν
357 2116 483 2204 ταύτην
499 2115 562 2205 την
580 2119 714 2206 χώρην,
743 2118 788 2188 δι’
814 2113 854 2209 ἦς
875 2147 912 2189 τε
933 2121 1002 2208 ῥέει
1023 2128 1080 2189 καί
1097 2120 1130 2187 έιι

133 2222 190 2300 τῆς
207 2213 341 2299 άρχεται
356 2218 443 2303 ῥέων
458 2213 476 2285 ό
490 2225 624 2304 Νεῖλος,
645 2210 690 2305 ἦν
703 2212 748 2286 ἀν
762 2218 893 2287 τούτων
908 2216 1029 2305 οὐδέν,
1052 2210 1128 2305 (ὅςὴ

84 2335 119 2388 κο
133 2312 263 2400 ἀνάγκη
289 2315 421 2401 έλέγχει.
465 2313 502 2384 ‘0
527 2317 565 2384 δέ
589 2318 665 2404 περὶ
689 2323 750 2384 τού
771 2313 935 2385 Ὠκεανοῦ
958 2316 1074 2405 λέξας,
1099 2316 1131 2395 ές

131 2411 257 2499 ἀφανές
271 2411 332 2482 τόν
347 2420 461 2500 μῦθον
476 2410 661 2501 ἀνενείκας,
672 2412 740 2483 οὐκ
754 2420 820 2501 έχει
835 2420 987 2501 ἔλεγχον·
1012 2411 1058 2485 ού
1067 2414 1129 2502 γάρ

130 2537 204 2578 τινα
219 2516 323 2597 ἔγωγε
339 2511 414 2581 οίδα
434 2510 586 2599 ποταμόν
603 2510 765 2581 Ὠκεανόν
786 2513 902 2600 ἐόντα,
926 2513 1079 2603 ’Όμηρον
1095 2514 1130 2583 δέ

129 2607 150 2694 ἥ
170 2634 245 2677 τινα
266 2618 334 2677 τῶν
355 2611 521 2697 πρότερον
538 2613 731 2697 γενομένων
750 2613 915 2696 ποιητέων
931 2612 1040 2681 δοκέω
1053 2608 1129 2681 τού-

81 2736 117 2789 24
129 2734 216 2794 νομα
239 2706 381 2795 εὑρόντα
404 2710 437 2786 ές
457 2707 520 2796 τὴν
540 2716 675 2796 ποίησιν
690 2712 932 2779 ἐσενείκασθαι.
971 2714 1017 2777 Et
1029 2710 1068 2779 δέ
1083 2712 1132 2777 δελ

129 2805 348 2893 μεμψάμενον
369 2805 504 2892 γνοέμας
526 2805 585 2886 τὰς
606 2809 826 2898 προκειμένας
846 2805 952 2876 αύτόν
972 2810 1052 2891 περὶ
1064 2814 1129 2877 τόν

128 2904 287 2991 ἀφανέων
300 2904 439 2992 γνύμην
456 2902 700 2995 ἀποδέξασθαι,
722 2906 859 2996 φράσω,
887 2907 974 2976 διότι
990 2932 1053 2993 μοι
1072 2912 1130 2975 δο-

129 3008 196 3072 κέει
213 3004 428 3090 πληδύεσδαι
445 3004 463 3073 ὁ
477 3013 601 3085 Νεῖλος
617 3013 678 3074 τοῦ
692 3007 821 3089 θέρεος.
859 3001 923 3092 τὴν
935 3000 1128 3093 χειμερινὴν

129 3103 221 3189 δέρην
242 3100 512 3190 ἀπελαυνόμενος
534 3102 552 3173 ὁ
575 3103 669 3191 ἥλιος
689 3108 726 3173 έκ
747 3112 805 3191 τῆς
818 3101 956 3191 ἀρχαίης
976 3104 1128 3189 διεξόδου

128 3201 194 3273 ὑπό
209 3210 278 3272 τῶν
291 3202 464 3289 χειμύνων
477 3210 606 3294 ἔρχεται
621 3212 678 3291 τῆς
691 3204 821 3292 Λιβύης
838 3199 878 3271 τά
892 3202 975 3271 άνω.
1008 3202 1056 3285 ὥς
1067 3204 1129 3293 μέν

129 3330 192 3372 νυν
217 3304 255 3370 έν
279 3304 434 3395 έλαχίστμ
461 3308 625 3391 δηλῶσαι,
650 3311 718 3373 πᾶν
739 3313 882 3392 είρηται·
911 3309 970 3390 τῆς
992 3302 1062 3393 γάρ
1084 3298 1127 3373 ἀν

125 3397 295 3486 ἀγχοτάτω
315 3394 337 3489 ᾗ
358 3401 467 3488 χάρης
482 3393 581 3482 οὗτος
602 3399 619 3471 ὁ
636 3399 718 3482 θεός
732 3403 787 3471 καὶ
802 3396 876 3469 κατ’
892 3396 1025 3493 ἥντινα,
1045 3400 1127 3473 ταύ-
