2354 3840
146 194 207 256 126
532 193 785 252 HERODOTI

95 376 130 430 γε
143 351 307 421 Ὠκεανὸν
321 357 386 439 γῆν
399 356 475 439 πέρι
495 357 607 418 πᾶσαν
620 352 718 437 ῥέειν.
756 348 801 418 Ἡ
814 353 851 419 δέ
863 356 958 438 τρίτη
975 356 1047 419 τοῖν
1061 346 1143 419 δδόι

144 450 272 522 πολλόν
296 450 524 573 ἐπιεικεστάτη
545 452 647 517 έούσα
673 447 816 534 μάλιστα
842 452 1011 528 ἔψευσται.
1065 448 1143 533 λέγει

145 551 211 640 γὰρ
229 549 269 639 δὴ
288 548 363 619 οὐδ’
386 547 470 638 αύτη
459 545 587 617 οὐδέν
601 544 787 634 φαμένη
752 572 813 615 τον
828 553 957 614 Νείλου
974 540 1105 634 δέειν’
1085 540 1142 613 a&

145 652 328 737 τηκομένης
351 648 481 735 χιόνος,
509 643 547 726 δς
570 649 638 734 δέει
661 648 725 732 μὲν
748 649 785 714 ίιι
804 644 935 732 Λιβύης
956 641 1016 713 διὰ
1040 644 1142 730 μέσον

144 749 343 831 Αίδιύπων,
366 746 544 814 έκδιδοτδδ
561 747 595 824 ές
611 752 796 830 Λίγνπτον.
833 748 901 821 κοῖς
919 733 969 811 ύν
983 741 1142 856 δῆταδέορ

147 838 190 907 ἀν
203 835 268 908 ἀπδ
283 839 404 926 χιόνος,
418 837 484 907 ἀπὸ
498 844 566 907 των
578 835 794 925 θερμοτάτων
807 830 945 924 [τόπων]
959 834 1051 923 ρέων
1061 832 1136 915 ές
1104 861 1139 902 τι

143 939 347 1028 ψυχρότερος
355 965 522 1028 μαρτύρια
531 964 597 1027 γαρ
606 936 713 1005 πολλα
722 938 790 1004 ἐστι
798 933 902 1025 ανδρι
908 960 946 1020 γε
954 940 1138 1021 λογιῗεσδτι

141 1033 305 1101 τοιούτων
325 1033 458 1119 πέρι”
422 1056 483 1121 οιμ
502 1056 539 1098 τε
552 1028 708 1118 idmst
687 1058 732 1111 ως
746 1029 826 1101 ούδδ
843 1028 970 1111 οίκδς’
950 1029 1019 1100 απὸ
1034 1030 1141 1117 χιόνος

141 1158 201 1219 μιν
215 1133 313 1218 δέειν.
343 1134 478 1215 πρῶτον
491 1128 554 1214 μὲν
569 1129 625 1197 καὶ
641 1130 798 1215 μέγιστον
814 1129 1003 1216 μαρτύριον
1019 1133 1057 1197 οἱ
1067 1124 1139 1199 ἀνι-

140 1256 198 1316 μοι
218 1230 417 1316 παρέχονται
437 1229 594 1304 πνέοντες
607 1222 674 1294 ἀπδ
689 1232 757 1294 τῶν
773 1230 909 1313 χωρέων
918 1226 1053 1296 τούτων
1062 1236 1137 1315 δερ-

140 1330 213 1414 μοδ,
235 1326 395 1410 δεύτερον
410 1327 463 1410 δὲ,
487 1323 538 1394 ὅτι
556 1322 725 1413 ἄνομβρος
741 1322 762 1413 ἡ
776 1325 868 1413 χύρη
882 1328 938 1395 καὶ
954 1322 1138 1414 ἀκρύσταλ·

140 1435 198 1502 λος
214 1423 373 1491 διατελέει
388 1426 500 1509 έούσο,
524 1424 576 1491 ἐπὶ
591 1424 628 1491 δὲ
641 1423 731 1509 χιόνι
744 1423 895 1512 πεσούση
907 1430 999 1493 κύσα
1013 1421 1140 1510 ἀνάγκη

142 1526 209 1593 ἐστὶ
226 1515 306 1590 ύσοι
326 1525 364 1590 έν
384 1524 482 1590 πέντε
502 1519 660 1612 ἡμέρησι,
684 1521 768 1592 ὥστε
785 1529 816 1592 εί
828 1523 983 1611 ἐχιόνιζε,
1005 1520 1086 1591 ύετο
1101 1516 1139 1589 ἀι

141 1629 245 1691 τοῦτο
259 1616 298 1687 τά
315 1627 430 1707 χωρία,
452 1627 546 1708 τρίτα
561 1625 597 1690 δὲ
614 1627 649 1691 ol
660 1620 839 1711 ἅνθρωποι
852 1620 919 1692 ὑπὸ
934 1627 998 1690 τού
1011 1620 1140 1709 καύμα-

141 1745 197 1799 τος
212 1720 352 1805 μέλανες
372 1718 500 1800 ἐόντες·
539 1725 660 1789 ἰκτῖνοι
675 1721 713 1789 δὲ
728 1722 785 1789 καὶ
803 1721 973 1808 χελιδόνες
990 1715 1038 1788 δι’
1057 1725 1140 1796 ἔτεος

142 1821 252 1900 ἐόντες
278 1815 343 1888 ούκ
366 1816 604 1906 ἀπολείπουσι,
636 1823 775 1908 γέρανοι
801 1822 837 1888 δὲ
869 1820 1061 1908 φεύγουσαι
1084 1812 1140 1885 τδν

140 1927 286 2006 χειμῶνα
301 1916 362 1989 τὸν
376 1922 414 1988 έν
428 1926 468 2008 τῇ
484 1925 643 2008 Σκυθικῇ
656 1919 747 2007 χύρῃ
766 1916 949 2006 γινόμενον
970 1920 1141 2004 φοιτέουσι

141 2022 174 2096 ἐς
188 2025 361 2103 χειμασίην
372 2018 405 2096 ές
418 2015 497 2096 τούς
511 2016 635 2095 τόπους
649 2016 799 2097 τούτους.
829 2022 861 2085 εί
871 2022 990 2085 τοίνυν
1006 2014 1141 2103 ἐχιόνιζε

140 2117 195 2182 καὶ
212 2111 345 2182 δσονῶν
364 2113 490 2202 ταύτην
506 2112 569 2202 τὴν
587 2115 721 2202 χύρην,
751 2113 796 2183 δι’
821 2107 861 2203 ἧς
882 2141 919 2184 τε
941 2115 1010 2202 δέει
1031 2122 1088 2183 καί
1105 2114 1141 2181 έιι

140 2220 198 2298 τῆς
215 2211 348 2297 ἀρχετοι
363 2216 451 2301 ῥέων
465 2210 484 2281 6
497 2221 631 2300 Νεῖλος,
652 2206 697 2301 ἦν
711 2208 756 2282 ἀν
770 2214 901 2282 τούτων
915 2210 1036 2299 οὐδέν,
1060 2205 1139 2298 (ὅςῆ

91 2334 126 2387 23
140 2309 270 2399 ἀνάγκη
297 2312 428 2398 ἐλέγχει.
473 2309 510 2380 Ὁ
535 2311 572 2380 δὲ
597 2315 673 2399 περὶ
696 2318 758 2379 τού
779 2309 942 2380 Ὠκεανοῦ
967 2310 1082 2397 λέξας,
1107 2310 1141 2389 ές

138 2409 265 2498 ἀφανὲς
279 2408 340 2479 τόν
354 2416 469 2497 μύθου
484 2407 668 2497 ἀνενείκας,
684 2406 747 2478 ούκ
762 2414 827 2495 ἔχει
843 2414 995 2494 ἔλεγχον·
1020 2404 1066 2477 ού
1075 2408 1139 2495 γάρ

138 2536 213 2577 τινα
227 2514 331 2594 ἔγωγε
347 2507 422 2578 ολδο
442 2506 594 2595 ποταμὸν
611 2506 773 2577 Ὠκεανὸν
794 2508 910 2595 ἐόντα,
934 2506 1086 2596 ’Όμηρον
1103 2508 1140 2577 δδ

137 2606 158 2694 ἥ
178 2634 253 2676 τινα
274 2615 341 2675 τῶν
362 2608 529 2695 πρότερον
546 2610 739 2694 γενομένων
758 2609 923 2693 ποιητέων
939 2608 1047 2675 δοκέω
1061 2602 1140 2675 τού-

90 2735 125 2787 24
137 2733 224 2792 νομα
247 2704 388 2793 εὑρόντα
412 2708 445 2785 ἐς
465 2705 528 2793 την
548 2713 684 2792 ποίησιν
698 2708 939 2774 ἐσενείκασθαι.
978 2708 1024 2773 Ee
1037 2704 1075 2773 δδ
1091 2706 1143 2770 δελ

137 2803 355 2891 μεμφόμενον
376 2804 513 2890 γνώμας
534 2802 593 2883 τὰς
614 2804 835 2892 προκειμένας
855 2800 960 2871 ούτδν
980 2804 1140 2885 περὶτῶν

136 2902 295 2989 ἀφανέων
308 2903 447 2991 γνύμην
464 2900 708 2990 ἀποδέξασθαι,
731 2902 868 2991 φράσω,
895 2902 982 2970 διότι
999 2926 1061 2987 μοι
1080 2906 1140 2969 δο-

137 3006 204 3071 κέει
221 3004 436 3088 πληθύεσθαι
454 3001 472 3072 6
486 3010 609 3081 Νεῖλος
625 3009 687 3071 τοῦ
700 3002 829 3084 θέρεος.
867 2995 931 3086 τὴν
944 2994 1139 3086 χειμερινὴν

137 3101 229 3225 ύρην
250 3099 520 3188 ἀπελαυνόμενος
543 3098 561 3170 6
583 3100 678 3187 ἥλιος
698 3104 735 3169 ἐκ
756 3107 814 3186 τῆς
827 3095 965 3219 ἀρχαίης
985 3098 1138 3181 διεξόδου

136 3199 202 3271 ὑπὸ
218 3228 286 3270 των
299 3201 472 3287 χειρόνων
486 3206 614 3289 ἔρχεται
629 3208 687 3288 τῆς
700 3200 830 3287 Λιβύης
846 3195 887 3266 τά
901 3222 983 3265 ανω.
1016 3195 1063 3277 ὥς
1074 3198 1138 3285 μέν

138 3328 201 3370 νυν
225 3303 264 3369 έν
287 3302 443 3393 έλαχίστω
469 3305 634 3389 δηλῶσαι,
659 3307 727 3369 πᾶν
748 3309 890 3388 είρηιοι·
920 3322 979 3385 της
1001 3295 1069 3386 γὰρ
1092 3291 1135 3366 ἀν

134 3395 304 3485 ἀγχοτάτω
324 3426 346 3487 η
366 3399 475 3486 χύρης
490 3391 589 3481 οὗτος
611 3396 728 3480 ὁθεδς
741 3398 796 3467 καὶ
811 3390 884 3463 κατ’
901 3390 1033 3486 η’ντινιι,
1053 3394 1135 3465 ταύ-
