2354 3840
338 148 422 248 ιἰε.
448 191 492 247 111.
524 189 622 246 σεε.
653 192 795 249 εο-ιο.
850 212 853 217 -
1012 185 1073 249 τεο

60 354 221 434 ρίσκονσι
239 349 277 415 ἐν
290 353 330 437 τῇ
345 346 445 434 νηδύι
460 341 567 413 αύτού
581 348 744 415 ἐνεοῦσαν
763 344 826 434 τήν
839 347 1074 433 Πολυκράτεος

59 448 254 532 σφρηγῖδα·
277 441 322 524 ὥς
342 446 378 512 δὲ
396 442 487 512 εἷδύυ
507 470 543 512 τε
559 447 615 513 καὶ
632 444 760 533 ἔλαβον
773 445 927 533 τάχιστα,
950 451 1074 532 ἔφερον

60 542 285 631 κεχαρηκότες
304 541 395 626 παρά
411 539 472 611 τὸν
485 544 721 630 Πολυκράτεα,
744 544 894 623 διδόντες
915 547 956 613 δέ
966 550 1001 613 οί
1012 541 1074 631 τήν

62 644 237 727 σφρηγῖδα
247 646 365 728 ἔλεγον
397 638 605 732 ὅτεωτρύπρ
616 639 751 730 εὑρέθη.
773 641 834 711 τὸν
848 640 1073 730 δέάςέσήλθε

65 750 165 808 θεῖον
185 737 271 807 εέυαι
290 736 327 807 τὸ
350 746 503 826 πρῆγμα,
523 745 649 827 γράφει
672 744 705 821 ἐς
725 749 859 830 βιβλίον
882 743 1009 829 πάντα,
1033 731 1073 810 τά

63 837 255 924 ποιήσαντά
269 863 327 924 μιν
343 833 398 935 οία
420 840 700 927 καταλελαβήκεε,
721 841 854 929 γράψας
868 845 905 912 δέ
919 846 952 922 ές
966 852 1074 928 Αίγυ-

63 961 153 1004 πτον
170 937 323 1021 ἐπέθηκε.
363 933 615 1022 Ἐπιλεξάμευος
635 939 672 1004 δὲ
692 935 867 1026 δ”Ἀμασις
886 937 924 1008 τὰ
942 945 1104 1028 βιβλίουλ

65 1034 104 1102 τό
126 1033 217 1121 παρά
237 1041 299 1103 τοῦ
312 1035 548 1123 Πολυκράτεος
563 1028 665 1123 ήκον,
688 1042 794 1123 ἔμαθε
835 1035 887 1106 ὅτι
902 1040 1073 1123 ἐκκομίσαι

67 1160 104 1202 τε
119 1132 289 1203 ἀδύνατον
310 1144 360 1221 είη
375 1132 548 1226 ἀνθρύπμ
569 1133 756 1220 ἄνθρωπον
770 1140 806 1205 ἐκ
819 1144 881 1204 τοῦ
894 1140 1073 1225 μέλλοντος

66 1238 223 1318 γίνεσθαι
240 1232 448 1321 πρήγματος,
471 1236 526 1301 καὶ
541 1231 592 1301 ὅτι
607 1231 669 1302 ούκ
684 1227 725 1301 εύ
735 1233 945 1322 τελευτήσειν
958 1239 1072 1320 μέλλοι

67 1329 287 1419 Πολυκράτης
309 1328 474 1418 εὐτυχέων
495 1329 536 1400 τά
556 1332 682 1419 πάντα,
706 1329 743 1412 ἀς
761 1336 818 1401 καὶ
836 1331 877 1400 τά
891 1330 1073 1419 ἀποβάλλει

65 1426 225 1517 εὑρίσκει.
259 1431 390 1515 πέμψας
411 1433 452 1498 δέ
469 1434 504 1498 oc
523 1430 654 1516 κήρυκα
680 1434 714 1509 ἐς
733 1430 854 1518 Σάμου
874 1431 1073 1499 διαλύεσθαι

65 1533 132 1613 ἐφη
147 1522 209 1613 τήν
224 1531 359 1614 ξεινίην.
386 1533 486 1598 τούδε
501 1531 538 1598 δέ
552 1533 681 1598 εἵνεκεν
694 1537 798 1599 ταῦτα
813 1534 938 1618 ἐποίεε,
955 1528 1071 1618 ἵναμή

66 1630 247 1712 συντυχίης
267 1628 379 1712 δεινῆς
398 1653 434 1695 τε
454 1631 510 1697 καὶ
529 1629 675 1716 μεγάλης
687 1631 908 1717 Πολυκράτεα
927 1638 1073 1697 καταλα-

67 1721 194 1812 βούσης
212 1721 313 1803 αύτὸς
335 1722 490 1812 ἀλγήσειε
511 1725 573 1814 τήν
594 1723 705 1813 ψυχήν
728 1724 771 1804 ὡς
786 1729 862 1814 περὶ
883 1731 993 1805 ξείνου
1009 1723 1071 1792 άν-

68 1821 157 1910 δρός.
197 1817 278 1889 Ἐπί
288 1829 409 1891 τούτου
424 1821 465 1910 δή
488 1817 537 1891 οἷν
552 1822 614 1892 τόυ
628 1824 850 1908 Πολυκράτεα
874 1821 1071 1909 εύτυχέουτα
1085 1847 1104 1900 4

68 1920 108 1992 τά
125 1922 235 1992 πάντα
251 1924 488 2012 ἐστρατεύοντο
504 1924 765 2010 Λακεδαιμόνιοι
783 1925 1072 2007 ἐπικαλεσαμένων

67 2032 136 2093 τάν
159 2018 240 2110 μετά
266 2030 370 2091 ταῦτα
390 2027 572 2110 Κυδωνίην
597 2022 660 2110 τήν
684 2025 722 2091 ἐν
746 2021 862 2109 Κρήτη
887 2019 1072 2088 κτισάντων

71 2131 219 2210 Σαμίων.
262 2123 482 2212 Πολυκράτης
502 2127 540 2194 δέ
559 2128 689 2211 πέμψας
705 2121 796 2211 παρά
812 2121 1002 2209 Καμβύσην
1011 2118 1072 2188 τὸν

70 2221 188 2310 Κύρου
203 2225 406 2308 συλλέγοντα
420 2219 564 2311 στρατὸν
577 2218 630 2290 ἐπ’
643 2230 818 2307 Αιγυπτον
829 2216 969 2306 ἐδεήθη,
985 2216 1071 2296 ὅκως

67 2321 113 2394 ἀν
133 2326 190 2392 καὶ
211 2320 298 2407 παρ’·
315 2321 442 2391 ἑωυτὸν
459 2327 589 2410 πέμψας
609 2324 642 2400 ἐς
656 2321 776 2407 Σάμον
793 2320 899 2387 δέοιτο
915 2323 1068 2404 στρατοῦ.

68 2419 253 2508 Καμβύσης
283 2420 320 2488 δέ
344 2418 492 2500 ἀκούσας
520 2419 650 2488 τούτων
677 2416 862 2506 προθύμως
889 2421 1012 2501 ἔπεμπε
1038 2416 1071 2492 ἐς

68 2518 205 2606 Σάμου,
227 2516 386 2604 δεόμενος
402 2516 637 2601 Πολυκράτεος
656 2513 799 2601 στρατὸν
819 2509 981 2582 ναυτικὸν
1001 2509 1070 2598 ἀμα

69 2623 195 2705 πέμψαι
216 2619 328 2707 ἑωυτῷ
351 2615 404 2685 ἐπ’
420 2627 603 2703 Αἴγυπτον.
626 2613 698 2684 ὅδὲ
712 2617 860 2696 ἐπιλέξας
874 2621 942 2682 τῶν
959 2610 1070 2681 ἀστῶν

69 2714 148 2795 ’τούς
164 2714 337 2784 ύπόπτευε
354 2717 497 2802 μάλιστα
518 2717 551 2794 ἐς
568 2716 792 2783 ἐπανάστασιν
807 2712 978 2801 ἀπέπεμπε
994 2730 1071 2780 τεσ-

68 2813 255 2901 σεράκοντα
268 2813 435 2901 τριήρεσι,
451 2807 858 2903 ἐντειλάμενοςΚαμβύση
871 2812 977 2882 ὀπίσω
989 2810 1072 2879 τού-

67 2938 146 2991 τους
160 2909 205 2998 μή
223 2907 439 2997 ἀποπέμπειν.
486 2916 530 2981 Ol
541 2912 603 2999 μὲν
619 2911 658 2999 δή
676 2915 812 2998 λέγουσι
826 2910 1071 2996 τούςάποπεμ-
1084 2937 1104 2988 ι,

66 3013 218 3097 φθέυτας
239 3017 380 3097 Σαμίων
399 3007 466 3077 ἀπὸ
486 3011 722 3098 Πολυκράτεος
747 3007 810 3077 ούκ
832 3006 1013 3076 ἀπικέσθαι
1038 3008 1071 3085 ές

41 3118 260 3195 ·Αίγυπτου,
282 3103 358 3175 ἀλλ’
381 3108 489 3176 ἐπείτε
516 3110 669 3197 ἐγένοντο
691 3109 728 3175 ἐυ
744 3106 920 3197 Καρπάθῳ
937 3104 1071 3173 κλύου-

66 3231 136 3290 τες,
159 3207 280 3271 δοῦναι
295 3209 390 3289 σφίσι
407 3203 527 3292 λόγου,
548 3214 607 3272 καί
624 3225 684 3290 σφι
701 3200 795 3272 ἀδείυ
818 3200 855 3271 τὸ
870 3204 1071 3286 προσωτέρω

67 3303 344 3393 αηκέτιπλάειν·
370 3306 405 3371 οί
417 3303 453 3370 δὲ
467 3305 604 3389 λέγουσι
624 3301 848 3389 ἀπικομένους
863 3327 900 3370 τε
916 3303 949 3380 ές
962 3309 1071 3386 Λίγυ-

66 3429 152 3472 πτου
175 3403 230 3471 καὶ
252 3403 529 3486 φυλασσομένους
550 3404 712 3488 ἐνθεῦτεν
732 3395 856 3477 αύτούς
873 3395 1068 3481 ἀποδρῆναι.
